timestamp,bid_price_1,bid_volume_1,bid_price_2,bid_volume_2,bid_price_3,bid_volume_3,ask_price_1,ask_volume_1,ask_price_2,ask_volume_2,ask_price_3,ask_volume_3
0,6541,237,,,,,6543,237,,,,
1,6541,189,,,,,6543,189,,,,
2,6542,87,6541,111,,,6543,98,6544,111,,
3,6541,234,,,,,6543,234,,,,
4,6540,211,,,,,6542,211,,,,
5,6541,81,6540,111,,,6542,81,6543,111,,
6,6541,174,,,,,6543,174,,,,
7,6542,54,6541,140,,,6543,60,6544,140,,
8,6542,66,6541,198,,,6543,66,6544,198,,
9,6542,51,6541,164,,,6543,51,6544,164,,
10,6543,278,,,,,6545,278,,,,
11,6542,264,,,,,6544,264,,,,
12,6542,81,6541,104,,,6543,81,6544,104,,
13,6542,70,6541,130,,,6543,70,6544,130,,
14,6542,100,6541,187,,,6543,100,6544,187,,
15,6542,52,6541,144,,,6543,62,6544,144,,
16,6542,59,6541,113,,,6543,63,6544,113,,
17,6542,97,6541,137,,,6543,97,6544,137,,
18,6542,97,6541,128,,,6543,97,6544,128,,
19,6541,293,,,,,6543,293,,,,
20,6541,267,,,,,6543,267,,,,
21,6541,251,,,,,6543,251,,,,
22,6542,53,6541,165,,,6543,53,6544,165,,
23,6542,100,6541,178,,,6543,100,6544,178,,
24,6542,206,,,,,6544,206,,,,
25,6542,99,6541,116,,,6543,99,6544,116,,
26,6542,254,,,,,6544,254,,,,
27,6542,184,,,,,6544,184,,,,
28,6542,77,6541,167,,,6543,77,6544,167,,
29,6542,252,,,,,6544,252,,,,
30,6543,210,,,,,6545,210,,,,
31,6543,184,,,,,6545,184,,,,
32,6543,207,,,,,6545,207,,,,
33,6543,72,6542,125,,,6544,72,6545,125,,
34,6543,99,6542,100,,,6544,87,6545,100,,
35,6544,215,,,,,6546,215,,,,
36,6543,191,,,,,6545,191,,,,
37,6543,213,,,,,6545,213,,,,
38,6543,234,,,,,6545,234,,,,
39,6542,187,,,,,6544,187,,,,
40,6542,194,,,,,6544,194,,,,
41,6542,239,,,,,6544,239,,,,
42,6542,206,,,,,6544,206,,,,
43,6542,208,,,,,6544,208,,,,
44,6542,278,,,,,6543,6,6544,278,,
45,6542,281,,,,,6544,281,,,,
46,6542,182,,,,,6544,191,,,,
47,6542,210,,,,,6544,210,,,,
48,6542,228,,,,,6544,228,,,,
49,6542,182,,,,,6544,182,,,,
50,6542,222,,,,,6544,222,,,,
51,6542,169,,,,,6544,169,,,,
52,6542,73,6541,128,,,6543,73,6544,128,,
53,6541,90,6540,155,,,6542,90,6543,155,,
54,6540,296,,,,,6542,296,,,,
55,6540,205,,,,,6542,214,,,,
56,6540,258,,,,,6542,258,,,,
57,6540,178,,,,,6542,178,,,,
58,6540,243,,,,,6542,243,,,,
59,6540,220,,,,,6542,220,,,,
60,6540,188,,,,,6542,188,,,,
61,6540,235,,,,,6542,235,,,,
62,6540,292,,,,,6542,280,,,,
63,6540,228,,,,,6542,228,,,,
64,6540,192,,,,,6541,6,6542,192,,
65,6540,186,,,,,6542,186,,,,
66,6540,81,6539,110,,,6541,81,6542,110,,
67,6540,73,6539,198,,,6541,73,6542,198,,
68,6540,232,,,,,6542,232,,,,
69,6541,56,6540,198,,,6542,50,6543,198,,
70,6541,73,6540,119,,,6542,73,6543,119,,
71,6540,229,,,,,6542,229,,,,
72,6540,217,,,,,6542,217,,,,
73,6540,227,,,,,6542,227,,,,
74,6540,245,,,,,6542,245,,,,
75,6540,55,6539,158,,,6541,55,6542,158,,
76,6539,204,,,,,6541,204,,,,
77,6539,227,,,,,6541,227,,,,
78,6538,187,,,,,6540,187,,,,
79,6539,74,6538,148,,,6540,74,6541,148,,
80,6538,257,,,,,6540,257,,,,
81,6538,233,,,,,6540,233,,,,
82,6538,227,,,,,6540,227,,,,
83,6538,231,,,,,6540,231,,,,
84,6538,51,6537,153,,,6539,51,6540,153,,
85,6538,248,,,,,6540,251,,,,
86,6539,236,,,,,6541,236,,,,
87,6539,207,,,,,6541,207,,,,
88,6540,55,6539,169,,,6541,55,6542,169,,
89,6539,285,,,,,6541,285,,,,
90,6539,237,,,,,6541,237,,,,
91,6539,237,,,,,6541,237,,,,
92,6539,292,,,,,6541,292,,,,
93,6539,103,6538,133,,,6540,94,6541,133,,
94,6539,96,6538,153,,,6540,96,6541,153,,
95,6538,191,,,,,6540,191,,,,
96,6538,259,,,,,6540,259,,,,
97,6538,209,,,,,6539,75,6540,134,,
98,6538,79,6537,135,,,6539,214,,,,
99,6538,250,,,,,6540,250,,,,
100,6538,225,,,,,6540,225,,,,
101,6538,211,,,,,6540,211,,,,
102,6538,261,,,,,6540,268,,,,
103,6538,198,,,,,6540,198,,,,
104,6538,193,,,,,6540,193,,,,
105,6539,69,6538,125,,,6540,194,,,,
106,6539,96,6538,156,,,6540,96,6541,156,,
107,6538,65,6537,167,,,6539,65,6540,167,,
108,6538,266,,,,,6540,266,,,,
109,6539,240,,,,,6541,240,,,,
110,6540,84,6539,193,,,6541,84,6542,193,,
111,6540,50,6539,177,,,6541,50,6542,177,,
112,6541,175,,,,,6543,175,,,,
113,6541,243,,,,,6543,232,,,,
114,6540,192,,,,,6542,192,,,,
115,6540,244,,,,,6542,244,,,,
116,6540,229,,,,,6542,229,,,,
117,6541,61,6540,193,,,6542,61,6543,193,,
118,6541,58,6540,191,,,6542,58,6543,191,,
119,6541,96,6540,116,,,6542,96,6543,116,,
120,6541,96,6540,146,,,6542,96,6543,146,,
121,6541,81,6540,129,,,6542,81,6543,129,,
122,6542,261,,,,,6544,261,,,,
123,6543,68,6542,171,,,6544,68,6545,171,,
124,6543,98,6542,174,,,6544,98,6545,174,,
125,6543,96,6542,196,,,6544,96,6545,196,,
126,6542,225,,,,,6544,225,,,,
127,6542,269,,,,,6544,269,,,,
128,6542,242,,,,,6544,242,,,,
129,6542,189,,,,,6544,189,,,,
130,6542,205,,,,,6544,205,,,,
131,6542,266,,,,,6544,266,,,,
132,6542,194,,,,,6544,194,,,,
133,6542,268,,,,,6543,10,6544,268,,
134,6543,105,6542,153,,,6544,99,6545,153,,
135,6541,233,,,,,6543,233,,,,
136,6541,74,6540,158,,,6542,74,6543,158,,
137,6541,68,6540,112,,,6542,80,6543,112,,
138,6541,58,6540,194,,,6542,58,6543,194,,
139,6540,202,,,,,6542,202,,,,
140,6540,225,,,,,6542,225,,,,
141,6540,234,,,,,6542,234,,,,
142,6540,257,,,,,6542,257,,,,
143,6541,59,6540,187,,,6542,59,6543,187,,
144,6541,84,6540,170,,,6542,84,6543,170,,
145,6541,7,6540,221,,,6542,221,,,,
146,6540,219,,,,,6541,4,6542,219,,
147,6540,252,,,,,6542,255,,,,
148,6540,252,,,,,6542,252,,,,
149,6541,71,6540,193,,,6542,71,6543,193,,
150,6541,271,,,,,6543,271,,,,
151,6541,235,,,,,6543,235,,,,
152,6541,238,,,,,6543,238,,,,
153,6540,206,,,,,6542,206,,,,
154,6540,180,,,,,6542,180,,,,
155,6540,233,,,,,6542,233,,,,
156,6540,195,,,,,6542,195,,,,
157,6540,193,,,,,6542,193,,,,
158,6540,205,,,,,6542,205,,,,
159,6540,94,6539,156,,,6541,94,6542,156,,
160,6540,248,,,,,6542,248,,,,
161,6540,210,,,,,6542,210,,,,
162,6540,207,,,,,6542,207,,,,
163,6540,206,,,,,6541,12,6542,206,,
164,6540,221,,,,,6542,221,,,,
165,6540,185,,,,,6542,185,,,,
166,6540,194,,,,,6542,194,,,,
167,6540,194,,,,,6542,194,,,,
168,6540,201,,,,,6542,201,,,,
169,6540,191,,,,,6542,183,,,,
170,6541,62,6540,184,,,6542,62,6543,184,,
171,6541,253,,,,,6543,253,,,,
172,6540,198,,,,,6542,198,,,,
173,6540,216,,,,,6542,216,,,,
174,6541,90,6540,118,,,6542,90,6543,118,,
175,6540,235,,,,,6542,235,,,,
176,6541,72,6540,140,,,6542,212,,,,
177,6540,196,,,,,6542,196,,,,
178,6540,252,,,,,6542,252,,,,
179,6540,235,,,,,6542,235,,,,
180,6540,204,,,,,6542,204,,,,
181,6540,76,6539,170,,,6541,88,6542,170,,
182,6540,106,6539,140,,,6541,95,6542,140,,
183,6539,199,,,,,6541,199,,,,
184,6539,194,,,,,6541,194,,,,
185,6540,93,6539,112,,,6541,93,6542,112,,
186,6539,237,,,,,6541,237,,,,
187,6539,239,,,,,6540,9,6541,239,,
188,6539,254,,,,,6541,254,,,,
189,6539,225,,,,,6541,225,,,,
190,6539,245,,,,,6541,245,,,,
191,6539,229,,,,,6541,229,,,,
192,6539,259,,,,,6541,259,,,,
193,6539,268,,,,,6541,268,,,,
194,6539,241,,,,,6541,241,,,,
195,6539,203,,,,,6541,203,,,,
196,6539,272,,,,,6541,272,,,,
197,6539,82,6538,115,,,6540,82,6541,115,,
198,6538,61,6537,143,,,6539,61,6540,143,,
199,6538,170,,,,,6540,170,,,,
200,6538,229,,,,,6540,229,,,,
201,6538,254,,,,,6540,254,,,,
202,6538,218,,,,,6540,218,,,,
203,6538,237,,,,,6540,237,,,,
204,6538,251,,,,,6540,251,,,,
205,6538,276,,,,,6540,276,,,,
206,6538,220,,,,,6540,220,,,,
207,6539,67,6538,157,,,6540,67,6541,157,,
208,6540,47,6539,200,,,6541,59,6542,200,,
209,6540,247,,,,,6542,247,,,,
210,6539,246,,,,,6541,246,,,,
211,6539,95,6538,198,,,6540,95,6541,198,,
212,6538,246,,,,,6540,246,,,,
213,6538,85,6537,150,,,6539,85,6540,150,,
214,6537,242,,,,,6539,242,,,,
215,6538,58,6537,168,,,6539,58,6540,168,,
216,6537,274,,,,,6539,274,,,,
217,6537,254,,,,,6539,254,,,,
218,6538,260,,,,,6540,260,,,,
219,6538,244,,,,,6540,244,,,,
220,6538,87,6537,107,,,6539,87,6540,107,,
221,6538,54,6537,151,,,6539,54,6540,151,,
222,6537,82,6536,200,,,6538,82,6539,200,,
223,6536,254,,,,,6538,254,,,,
224,6536,224,,,,,6538,224,,,,
225,6536,255,,,,,6538,255,,,,
226,6537,11,6536,237,,,6538,237,,,,
227,6537,94,6536,117,,,6538,211,,,,
228,6537,54,6536,154,,,6538,54,6539,154,,
229,6537,55,6536,146,,,6538,55,6539,146,,
230,6537,68,6536,165,,,6538,68,6539,165,,
231,6537,109,6536,152,,,6538,100,6539,152,,
232,6537,212,,,,,6539,212,,,,
233,6537,206,,,,,6539,206,,,,
234,6537,259,,,,,6539,259,,,,
235,6537,192,,,,,6539,192,,,,
236,6537,69,6536,162,,,6538,69,6539,162,,
237,6537,77,6536,165,,,6538,77,6539,165,,
238,6537,216,,,,,6539,216,,,,
239,6537,82,6536,114,,,6538,82,6539,114,,
240,6537,64,6536,104,,,6538,64,6539,104,,
241,6537,188,,,,,6539,188,,,,
242,6537,73,6536,105,,,6538,73,6539,105,,
243,6537,95,6536,106,,,6538,95,6539,106,,
244,6537,250,,,,,6539,250,,,,
245,6537,182,,,,,6539,182,,,,
246,6537,240,,,,,6539,240,,,,
247,6538,9,6537,246,,,6539,246,,,,
248,6538,84,6537,119,,,6539,84,6540,119,,
249,6538,261,,,,,6540,261,,,,
250,6538,68,6537,152,,,6539,68,6540,152,,
251,6538,100,6537,148,,,6539,100,6540,148,,
252,6537,196,,,,,6539,196,,,,
253,6537,246,,,,,6539,246,,,,
254,6537,255,,,,,6539,255,,,,
255,6537,156,,,,,6539,156,,,,
256,6537,58,6536,176,,,6538,58,6539,176,,
257,6537,292,,,,,6539,292,,,,
258,6537,193,,,,,6539,193,,,,
259,6537,57,6536,176,,,6538,57,6539,176,,
260,6537,83,6536,180,,,6538,83,6539,180,,
261,6537,94,6536,197,,,6538,94,6539,197,,
262,6537,65,6536,103,,,6538,65,6539,103,,
263,6536,252,,,,,6538,252,,,,
264,6537,54,6536,189,,,6538,243,,,,
265,6537,99,6536,183,,,6538,99,6539,183,,
266,6537,52,6536,106,,,6538,158,,,,
267,6536,204,,,,,6538,204,,,,
268,6536,211,,,,,6538,211,,,,
269,6536,205,,,,,6538,205,,,,
270,6536,254,,,,,6538,254,,,,
271,6536,227,,,,,6538,227,,,,
272,6536,172,,,,,6538,172,,,,
273,6536,212,,,,,6538,212,,,,
274,6536,60,6535,109,,,6537,60,6538,109,,
275,6535,241,,,,,6537,241,,,,
276,6536,71,6535,190,,,6537,71,6538,190,,
277,6535,58,6534,107,,,6536,58,6537,107,,
278,6535,77,6534,178,,,6536,77,6537,178,,
279,6535,62,6534,117,,,6536,62,6537,117,,
280,6535,286,,,,,6536,92,6537,194,,
281,6535,283,,,,,6537,283,,,,
282,6535,231,,,,,6537,231,,,,
283,6535,86,6534,160,,,6536,86,6537,160,,
284,6535,93,6534,132,,,6536,93,6537,132,,
285,6535,74,6534,132,,,6536,74,6537,132,,
286,6534,170,,,,,6536,170,,,,
287,6534,59,6533,147,,,6535,59,6536,147,,
288,6533,91,6532,136,,,6534,91,6535,136,,
289,6533,96,6532,186,,,6534,93,6535,186,,
290,6533,63,6532,172,,,6534,63,6535,172,,
291,6532,268,,,,,6534,268,,,,
292,6533,90,6532,106,,,6534,90,6535,106,,
293,6533,57,6532,175,,,6534,57,6535,175,,
294,6533,58,6532,180,,,6534,58,6535,180,,
295,6533,85,6532,172,,,6534,85,6535,172,,
296,6533,83,6532,119,,,6534,83,6535,119,,
297,6533,68,6532,144,,,6534,68,6535,144,,
298,6532,261,,,,,6534,261,,,,
299,6532,287,,,,,6534,287,,,,
300,6532,242,,,,,6534,242,,,,
301,6532,240,,,,,6534,240,,,,
302,6532,180,,,,,6534,180,,,,
303,6533,10,6532,256,,,6534,256,,,,
304,6532,256,,,,,6534,256,,,,
305,6532,234,,,,,6533,7,6534,234,,
306,6532,271,,,,,6534,271,,,,
307,6532,267,,,,,6534,267,,,,
308,6533,221,,,,,6535,221,,,,
309,6533,219,,,,,6535,219,,,,
310,6533,226,,,,,6535,226,,,,
311,6533,208,,,,,6535,208,,,,
312,6533,247,,,,,6535,247,,,,
313,6533,209,,,,,6535,209,,,,
314,6533,289,,,,,6535,289,,,,
315,6533,229,,,,,6535,229,,,,
316,6533,201,,,,,6535,201,,,,
317,6533,164,,,,,6535,164,,,,
318,6533,185,,,,,6535,185,,,,
319,6533,192,,,,,6534,71,6535,121,,
320,6533,100,6532,137,,,6534,100,6535,137,,
321,6533,222,,,,,6535,222,,,,
322,6533,167,,,,,6535,167,,,,
323,6533,180,,,,,6535,180,,,,
324,6533,281,,,,,6535,281,,,,
325,6533,285,,,,,6535,288,,,,
326,6533,204,,,,,6535,204,,,,
327,6533,250,,,,,6535,250,,,,
328,6533,206,,,,,6535,206,,,,
329,6533,77,6532,118,,,6534,77,6535,118,,
330,6533,88,6532,191,,,6534,88,6535,191,,
331,6533,80,6532,155,,,6534,80,6535,155,,
332,6533,95,6532,118,,,6534,95,6535,118,,
333,6533,62,6532,107,,,6534,66,6535,107,,
334,6533,204,,,,,6535,204,,,,
335,6533,253,,,,,6535,253,,,,
336,6533,63,6532,151,,,6534,63,6535,151,,
337,6533,229,,,,,6535,229,,,,
338,6533,210,,,,,6534,93,6535,117,,
339,6532,233,,,,,6534,233,,,,
340,6532,165,,,,,6534,165,,,,
341,6532,249,,,,,6534,249,,,,
342,6532,283,,,,,6534,283,,,,
343,6532,281,,,,,6534,281,,,,
344,6532,267,,,,,6534,267,,,,
345,6532,193,,,,,6534,193,,,,
346,6532,168,,,,,6534,168,,,,
347,6532,194,,,,,6534,194,,,,
348,6532,249,,,,,6533,11,6534,249,,
349,6532,253,,,,,6534,253,,,,
350,6532,283,,,,,6534,278,,,,
351,6532,239,,,,,6534,239,,,,
352,6532,69,6531,110,,,6533,76,6534,110,,
353,6532,71,6531,106,,,6533,71,6534,106,,
354,6531,216,,,,,6533,211,,,,
355,6531,195,,,,,6533,195,,,,
356,6531,56,6530,193,,,6532,56,6533,193,,
357,6531,247,,,,,6533,247,,,,
358,6531,176,,,,,6533,176,,,,
359,6531,176,,,,,6533,176,,,,
360,6531,195,,,,,6533,195,,,,
361,6531,58,6530,192,,,6532,53,6533,192,,
362,6531,90,6530,176,,,6532,85,6533,176,,
363,6530,199,,,,,6531,12,6532,199,,
364,6530,264,,,,,6532,269,,,,
365,6530,207,,,,,6532,207,,,,
366,6530,215,,,,,6532,215,,,,
367,6530,203,,,,,6531,61,6532,142,,
368,6530,227,,,,,6532,227,,,,
369,6530,97,6529,105,,,6531,97,6532,105,,
370,6530,219,,,,,6532,219,,,,
371,6530,84,6529,176,,,6531,84,6532,176,,
372,6530,211,,,,,6532,211,,,,
373,6530,64,6529,125,,,6531,64,6532,125,,
374,6530,99,6529,177,,,6531,99,6532,177,,
375,6530,258,,,,,6532,258,,,,
376,6530,75,6529,102,,,6531,75,6532,102,,
377,6529,211,,,,,6531,211,,,,
378,6529,92,6528,192,,,6530,92,6531,192,,
379,6529,217,,,,,6531,217,,,,
380,6529,220,,,,,6531,220,,,,
381,6529,255,,,,,6531,255,,,,
382,6529,242,,,,,6531,242,,,,
383,6530,53,6529,138,,,6531,53,6532,138,,
384,6530,225,,,,,6531,64,6532,161,,
385,6530,184,,,,,6532,184,,,,
386,6530,212,,,,,6532,212,,,,
387,6530,69,6529,174,,,6531,69,6532,174,,
388,6530,237,,,,,6532,237,,,,
389,6530,62,6529,188,,,6531,62,6532,188,,
390,6529,194,,,,,6531,194,,,,
391,6529,204,,,,,6531,204,,,,
392,6529,193,,,,,6531,193,,,,
393,6529,201,,,,,6531,201,,,,
394,6531,179,,,,,6533,179,,,,
395,6531,266,,,,,6533,266,,,,
396,6531,205,,,,,6533,205,,,,
397,6531,268,,,,,6533,268,,,,
398,6531,245,,,,,6533,245,,,,
399,6531,73,6530,164,,,6532,73,6533,164,,
400,6531,100,6530,103,,,6532,100,6533,103,,
401,6531,210,,,,,6533,210,,,,
402,6531,211,,,,,6533,211,,,,
403,6531,213,,,,,6533,213,,,,
404,6531,54,6530,128,,,6532,54,6533,128,,
405,6531,201,,,,,6533,206,,,,
406,6531,68,6530,191,,,6532,68,6533,191,,
407,6531,237,,,,,6532,63,6533,174,,
408,6531,82,6530,144,,,6532,82,6533,144,,
409,6531,243,,,,,6533,243,,,,
410,6531,242,,,,,6532,7,6533,242,,
411,6531,177,,,,,6533,177,,,,
412,6531,198,,,,,6532,10,6533,198,,
413,6530,221,,,,,6532,221,,,,
414,6531,81,6530,197,,,6532,84,6533,197,,
415,6530,261,,,,,6532,261,,,,
416,6530,188,,,,,6532,188,,,,
417,6530,201,,,,,6532,201,,,,
418,6531,74,6530,152,,,6532,74,6533,152,,
419,6531,98,6530,193,,,6532,98,6533,193,,
420,6531,96,6530,138,,,6532,96,6533,138,,
421,6531,98,6530,171,,,6532,98,6533,171,,
422,6531,57,6530,194,,,6532,50,6533,194,,
423,6530,281,,,,,6532,281,,,,
424,6531,69,6530,192,,,6532,69,6533,192,,
425,6531,62,6530,165,,,6532,74,6533,165,,
426,6531,81,6530,157,,,6532,81,6533,157,,
427,6530,222,,,,,6532,222,,,,
428,6530,267,,,,,6532,267,,,,
429,6531,251,,,,,6533,251,,,,
430,6531,51,6530,193,,,6532,51,6533,193,,
431,6531,251,,,,,6533,251,,,,
432,6533,3,6532,248,,,6534,248,,,,
433,6533,58,6532,169,,,6534,227,,,,
434,6533,217,,,,,6535,217,,,,
435,6533,67,6532,167,,,6534,78,6535,167,,
436,6533,203,,,,,6534,53,6535,150,,
437,6534,157,,,,,6536,157,,,,
438,6534,94,6533,131,,,6535,94,6536,131,,
439,6534,89,6533,172,,,6535,89,6536,172,,
440,6534,5,6533,219,,,6535,219,,,,
441,6533,247,,,,,6535,247,,,,
442,6533,69,6532,122,,,6534,69,6535,122,,
443,6532,294,,,,,6534,294,,,,
444,6532,266,,,,,6534,266,,,,
445,6532,213,,,,,6534,213,,,,
446,6532,91,6531,108,,,6533,91,6534,108,,
447,6532,64,6531,110,,,6533,64,6534,110,,
448,6531,63,6530,188,,,6532,63,6533,188,,
449,6531,85,6530,182,,,6532,85,6533,182,,
450,6531,198,,,,,6533,198,,,,
451,6531,51,6530,176,,,6532,51,6533,176,,
452,6531,84,6530,131,,,6532,215,,,,
453,6531,94,6530,121,,,6532,94,6533,121,,
454,6531,96,6530,108,,,6532,96,6533,108,,
455,6531,250,,,,,6532,95,6533,155,,
456,6531,80,6530,181,,,6532,80,6533,181,,
457,6531,59,6530,173,,,6532,59,6533,173,,
458,6531,89,6530,107,,,6532,89,6533,107,,
459,6531,291,,,,,6533,291,,,,
460,6531,100,6530,187,,,6532,100,6533,187,,
461,6530,195,,,,,6532,195,,,,
462,6530,227,,,,,6531,98,6532,129,,
463,6529,196,,,,,6531,196,,,,
464,6530,55,6529,131,,,6531,55,6532,131,,
465,6529,226,,,,,6531,217,,,,
466,6528,190,,,,,6530,190,,,,
467,6528,210,,,,,6530,210,,,,
468,6528,275,,,,,6530,266,,,,
469,6528,266,,,,,6530,266,,,,
470,6528,221,,,,,6530,232,,,,
471,6528,260,,,,,6530,260,,,,
472,6528,181,,,,,6530,181,,,,
473,6529,56,6528,123,,,6530,56,6531,123,,
474,6528,229,,,,,6530,229,,,,
475,6528,183,,,,,6530,183,,,,
476,6528,254,,,,,6530,254,,,,
477,6529,68,6528,108,,,6530,68,6531,108,,
478,6529,197,,,,,6531,207,,,,
479,6529,275,,,,,6531,275,,,,
480,6529,178,,,,,6531,178,,,,
481,6529,235,,,,,6530,62,6531,173,,
482,6529,56,6528,126,,,6530,56,6531,126,,
483,6529,86,6528,179,,,6530,86,6531,179,,
484,6529,168,,,,,6531,168,,,,
485,6529,54,6528,172,,,6530,54,6531,172,,
486,6529,58,6528,152,,,6530,58,6531,152,,
487,6529,82,6528,148,,,6530,82,6531,148,,
488,6529,90,6528,154,,,6530,90,6531,154,,
489,6529,90,6528,117,,,6530,90,6531,117,,
490,6529,87,6528,129,,,6530,87,6531,129,,
491,6529,175,,,,,6531,175,,,,
492,6529,235,,,,,6531,235,,,,
493,6530,78,6529,136,,,6531,78,6532,136,,
494,6530,178,,,,,6532,178,,,,
495,6529,252,,,,,6531,252,,,,
496,6528,205,,,,,6529,89,6530,116,,
497,6528,92,6527,182,,,6529,92,6530,182,,
498,6528,86,6527,105,,,6529,86,6530,105,,
499,6528,3,6527,182,,,6529,182,,,,
500,6527,292,,,,,6529,292,,,,
501,6527,195,,,,,6529,195,,,,
502,6528,56,6527,144,,,6529,67,6530,144,,
503,6528,165,,,,,6530,165,,,,
504,6528,218,,,,,6530,218,,,,
505,6528,74,6527,127,,,6529,74,6530,127,,
506,6527,249,,,,,6529,249,,,,
507,6527,248,,,,,6529,248,,,,
508,6528,70,6527,192,,,6529,262,,,,
509,6528,203,,,,,6529,57,6530,146,,
510,6528,257,,,,,6530,257,,,,
511,6528,236,,,,,6530,236,,,,
512,6528,80,6527,200,,,6529,80,6530,200,,
513,6528,68,6527,178,,,6529,68,6530,178,,
514,6528,91,6527,127,,,6529,91,6530,127,,
515,6529,49,6528,167,,,6530,58,6531,167,,
516,6529,80,6528,105,,,6530,80,6531,105,,
517,6529,272,,,,,6531,272,,,,
518,6529,252,,,,,6531,252,,,,
519,6529,211,,,,,6531,211,,,,
520,6529,240,,,,,6531,240,,,,
521,6528,263,,,,,6530,263,,,,
522,6527,256,,,,,6529,256,,,,
523,6527,206,,,,,6529,206,,,,
524,6528,69,6527,200,,,6529,69,6530,200,,
525,6527,261,,,,,6529,261,,,,
526,6527,193,,,,,6529,193,,,,
527,6527,220,,,,,6529,231,,,,
528,6526,265,,,,,6528,265,,,,
529,6527,205,,,,,6529,205,,,,
530,6528,64,6527,114,,,6529,64,6530,114,,
531,6527,171,,,,,6529,171,,,,
532,6527,224,,,,,6529,224,,,,
533,6526,242,,,,,6528,242,,,,
534,6527,92,6526,101,,,6528,92,6529,101,,
535,6527,237,,,,,6529,237,,,,
536,6527,251,,,,,6528,5,6529,251,,
537,6528,79,6527,153,,,6529,79,6530,153,,
538,6528,97,6527,151,,,6529,97,6530,151,,
539,6528,93,6527,159,,,6529,93,6530,159,,
540,6527,184,,,,,6528,60,6529,124,,
541,6527,186,,,,,6529,186,,,,
542,6527,240,,,,,6529,240,,,,
543,6527,184,,,,,6529,184,,,,
544,6527,181,,,,,6528,3,6529,181,,
545,6529,185,,,,,6531,185,,,,
546,6530,186,,,,,6532,186,,,,
547,6530,293,,,,,6532,285,,,,
548,6530,219,,,,,6532,219,,,,
549,6530,101,6529,123,,,6531,97,6532,123,,
550,6530,64,6529,186,,,6531,64,6532,186,,
551,6530,76,6529,199,,,6531,76,6532,199,,
552,6530,47,6529,132,,,6531,53,6532,132,,
553,6529,106,6528,194,,,6530,95,6531,194,,
554,6528,206,,,,,6530,206,,,,
555,6528,171,,,,,6530,171,,,,
556,6529,77,6528,138,,,6530,77,6531,138,,
557,6529,98,6528,181,,,6530,98,6531,181,,
558,6529,247,,,,,6531,247,,,,
559,6529,230,,,,,6531,230,,,,
560,6529,209,,,,,6531,214,,,,
561,6530,212,,,,,6531,86,6532,126,,
562,6530,61,6529,105,,,6531,61,6532,105,,
563,6530,52,6529,134,,,6531,52,6532,134,,
564,6530,66,6529,173,,,6531,239,,,,
565,6529,230,,,,,6531,230,,,,
566,6529,187,,,,,6531,187,,,,
567,6529,211,,,,,6531,211,,,,
568,6529,295,,,,,6530,100,6531,195,,
569,6529,217,,,,,6531,217,,,,
570,6529,156,,,,,6531,156,,,,
571,6529,208,,,,,6531,208,,,,
572,6529,213,,,,,6531,213,,,,
573,6530,100,6529,131,,,6531,100,6532,131,,
574,6531,52,6530,167,,,6532,52,6533,167,,
575,6530,173,,,,,6532,173,,,,
576,6531,75,6530,138,,,6532,75,6533,138,,
577,6531,245,,,,,6533,256,,,,
578,6531,80,6530,105,,,6532,80,6533,105,,
579,6531,55,6530,101,,,6532,55,6533,101,,
580,6530,201,,,,,6532,201,,,,
581,6530,221,,,,,6532,221,,,,
582,6530,187,,,,,6532,175,,,,
583,6530,222,,,,,6532,222,,,,
584,6529,199,,,,,6531,199,,,,
585,6529,241,,,,,6530,11,6531,241,,
586,6530,221,,,,,6532,221,,,,
587,6531,94,6530,193,,,6532,94,6533,193,,
588,6531,97,6530,137,,,6532,234,,,,
589,6530,249,,,,,6532,249,,,,
590,6530,186,,,,,6532,186,,,,
591,6530,201,,,,,6532,201,,,,
592,6531,69,6530,159,,,6532,69,6533,159,,
593,6531,91,6530,134,,,6532,91,6533,134,,
594,6531,65,6530,174,,,6532,65,6533,174,,
595,6531,222,,,,,6533,222,,,,
596,6531,218,,,,,6533,218,,,,
597,6531,221,,,,,6533,221,,,,
598,6531,212,,,,,6533,212,,,,
599,6531,287,,,,,6533,287,,,,
600,6531,169,,,,,6533,169,,,,
601,6531,219,,,,,6533,219,,,,
602,6531,286,,,,,6533,286,,,,
603,6531,257,,,,,6533,257,,,,
604,6531,187,,,,,6533,191,,,,
605,6531,208,,,,,6533,208,,,,
606,6531,221,,,,,6533,221,,,,
607,6530,275,,,,,6532,275,,,,
608,6530,203,,,,,6532,203,,,,
609,6530,96,6529,166,,,6531,96,6532,166,,
610,6529,282,,,,,6531,275,,,,
611,6528,234,,,,,6530,234,,,,
612,6528,58,6527,152,,,6529,210,,,,
613,6527,91,6526,120,,,6528,91,6529,120,,
614,6527,87,6526,192,,,6528,87,6529,192,,
615,6527,210,,,,,6529,210,,,,
616,6527,221,,,,,6529,221,,,,
617,6528,71,6527,124,,,6529,71,6530,124,,
618,6528,91,6527,171,,,6529,91,6530,171,,
619,6529,56,6528,124,,,6530,56,6531,124,,
620,6530,85,6529,131,,,6531,94,6532,131,,
621,6529,240,,,,,6531,240,,,,
622,6530,57,6529,118,,,6531,57,6532,118,,
623,6529,206,,,,,6531,206,,,,
624,6528,276,,,,,6530,276,,,,
625,6529,237,,,,,6531,237,,,,
626,6529,71,6528,122,,,6530,71,6531,122,,
627,6529,218,,,,,6531,218,,,,
628,6529,209,,,,,6531,209,,,,
629,6529,256,,,,,6531,256,,,,
630,6529,51,6528,141,,,6530,51,6531,141,,
631,6529,218,,,,,6531,218,,,,
632,6530,211,,,,,6532,211,,,,
633,6529,211,,,,,6531,211,,,,
634,6530,62,6529,101,,,6531,163,,,,
635,6529,181,,,,,6531,181,,,,
636,6529,206,,,,,6531,206,,,,
637,6528,232,,,,,6530,232,,,,
638,6528,215,,,,,6529,12,6530,215,,
639,6528,255,,,,,6530,255,,,,
640,6528,218,,,,,6530,218,,,,
641,6528,175,,,,,6530,175,,,,
642,6528,231,,,,,6530,231,,,,
643,6528,197,,,,,6530,197,,,,
644,6528,179,,,,,6530,179,,,,
645,6528,192,,,,,6530,192,,,,
646,6527,248,,,,,6529,248,,,,
647,6527,163,,,,,6529,163,,,,
648,6527,52,6526,147,,,6528,52,6529,147,,
649,6527,94,6526,130,,,6528,94,6529,130,,
650,6527,76,6526,184,,,6528,76,6529,184,,
651,6525,232,,,,,6527,232,,,,
652,6525,177,,,,,6526,12,6527,177,,
653,6526,222,,,,,6528,222,,,,
654,6526,97,6525,178,,,6527,97,6528,178,,
655,6526,77,6525,147,,,6527,68,6528,147,,
656,6526,100,6525,143,,,6527,100,6528,143,,
657,6526,202,,,,,6528,202,,,,
658,6526,240,,,,,6528,240,,,,
659,6526,263,,,,,6528,263,,,,
660,6526,262,,,,,6528,262,,,,
661,6526,197,,,,,6528,197,,,,
662,6526,222,,,,,6528,222,,,,
663,6526,279,,,,,6528,279,,,,
664,6526,193,,,,,6528,193,,,,
665,6526,205,,,,,6528,205,,,,
666,6526,201,,,,,6528,201,,,,
667,6526,81,6525,137,,,6527,81,6528,137,,
668,6526,176,,,,,6528,176,,,,
669,6526,91,6525,194,,,6527,91,6528,194,,
670,6526,63,6525,119,,,6527,63,6528,119,,
671,6526,80,6525,124,,,6527,80,6528,124,,
672,6526,62,6525,164,,,6527,62,6528,164,,
673,6526,255,,,,,6528,251,,,,
674,6526,177,,,,,6528,177,,,,
675,6526,242,,,,,6528,242,,,,
676,6526,249,,,,,6527,54,6528,195,,
677,6526,242,,,,,6528,242,,,,
678,6526,94,6525,192,,,6527,94,6528,192,,
679,6526,87,6525,140,,,6527,87,6528,140,,
680,6526,100,6525,148,,,6527,100,6528,148,,
681,6526,85,6525,112,,,6527,85,6528,112,,
682,6525,166,,,,,6527,166,,,,
683,6525,227,,,,,6527,227,,,,
684,6525,201,,,,,6527,201,,,,
685,6522,204,,,,,6524,204,,,,
686,6522,245,,,,,6524,245,,,,
687,6523,72,6522,105,,,6524,72,6525,105,,
688,6522,164,,,,,6524,164,,,,
689,6523,163,,,,,6525,163,,,,
690,6523,203,,,,,6525,203,,,,
691,6523,211,,,,,6525,211,,,,
692,6523,270,,,,,6525,270,,,,
693,6523,280,,,,,6525,280,,,,
694,6523,219,,,,,6525,214,,,,
695,6523,243,,,,,6525,243,,,,
696,6523,89,6522,177,,,6524,89,6525,177,,
697,6523,53,6522,136,,,6524,53,6525,136,,
698,6523,91,6522,104,,,6524,91,6525,104,,
699,6522,245,,,,,6524,245,,,,
700,6523,199,,,,,6524,58,6525,141,,
701,6523,231,,,,,6525,235,,,,
702,6523,62,6522,148,,,6524,62,6525,148,,
703,6522,218,,,,,6524,218,,,,
704,6522,214,,,,,6524,219,,,,
705,6522,233,,,,,6524,233,,,,
706,6522,239,,,,,6524,239,,,,
707,6523,250,,,,,6525,250,,,,
708,6524,69,6523,185,,,6525,69,6526,185,,
709,6523,209,,,,,6524,9,6525,209,,
710,6525,70,6524,142,,,6526,70,6527,142,,
711,6525,226,,,,,6527,226,,,,
712,6525,230,,,,,6527,230,,,,
713,6525,169,,,,,6527,169,,,,
714,6525,263,,,,,6527,263,,,,
715,6525,179,,,,,6527,179,,,,
716,6525,275,,,,,6527,275,,,,
717,6525,94,6524,162,,,6526,94,6527,162,,
718,6525,247,,,,,6527,247,,,,
719,6527,54,6526,177,,,6528,54,6529,177,,
720,6526,87,6525,130,,,6527,87,6528,130,,
721,6526,253,,,,,6528,253,,,,
722,6526,100,6525,162,,,6527,100,6528,162,,
723,6526,246,,,,,6528,246,,,,
724,6525,163,,,,,6527,163,,,,
725,6524,232,,,,,6526,232,,,,
726,6525,98,6524,190,,,6526,98,6527,190,,
727,6525,70,6524,198,,,6526,70,6527,198,,
728,6524,208,,,,,6526,208,,,,
729,6525,205,,,,,6527,205,,,,
730,6526,63,6525,194,,,6527,63,6528,194,,
731,6526,225,,,,,6528,229,,,,
732,6526,218,,,,,6528,218,,,,
733,6526,88,6525,105,,,6527,88,6528,105,,
734,6526,84,6525,177,,,6527,84,6528,177,,
735,6526,250,,,,,6528,250,,,,
736,6526,64,6525,200,,,6527,64,6528,200,,
737,6526,229,,,,,6527,83,6528,154,,
738,6525,258,,,,,6527,258,,,,
739,6525,240,,,,,6527,240,,,,
740,6525,82,6524,116,,,6526,82,6527,116,,
741,6524,225,,,,,6526,225,,,,
742,6525,11,6524,210,,,6526,210,,,,
743,6524,214,,,,,6526,214,,,,
744,6524,200,,,,,6526,200,,,,
745,6525,234,,,,,6527,234,,,,
746,6525,170,,,,,6527,170,,,,
747,6525,267,,,,,6527,267,,,,
748,6526,48,6525,150,,,6527,60,6528,150,,
749,6526,52,6525,159,,,6527,52,6528,159,,
750,6526,249,,,,,6528,249,,,,
751,6526,298,,,,,6528,294,,,,
752,6525,61,6524,159,,,6526,61,6527,159,,
753,6522,215,,,,,6524,215,,,,
754,6523,245,,,,,6525,245,,,,
755,6524,55,6523,114,,,6525,55,6526,114,,
756,6523,234,,,,,6525,234,,,,
757,6523,201,,,,,6525,201,,,,
758,6524,92,6523,149,,,6525,92,6526,149,,
759,6523,274,,,,,6525,274,,,,
760,6522,265,,,,,6524,265,,,,
761,6522,186,,,,,6524,186,,,,
762,6522,11,6521,243,,,6523,243,,,,
763,6522,63,6521,111,,,6523,63,6524,111,,
764,6522,69,6521,137,,,6523,69,6524,137,,
765,6521,232,,,,,6523,224,,,,
766,6521,3,6520,182,,,6522,182,,,,
767,6520,193,,,,,6521,62,6522,131,,
768,6519,260,,,,,6521,260,,,,
769,6519,258,,,,,6521,258,,,,
770,6519,272,,,,,6521,272,,,,
771,6519,263,,,,,6521,257,,,,
772,6519,219,,,,,6521,219,,,,
773,6519,76,6518,191,,,6520,76,6521,191,,
774,6518,218,,,,,6520,218,,,,
775,6520,91,6519,103,,,6521,91,6522,103,,
776,6521,52,6520,156,,,6522,52,6523,156,,
777,6521,76,6520,195,,,6522,69,6523,195,,
778,6521,70,6520,113,,,6522,70,6523,113,,
779,6521,248,,,,,6523,248,,,,
780,6521,54,6520,137,,,6522,54,6523,137,,
781,6520,217,,,,,6522,217,,,,
782,6520,170,,,,,6522,170,,,,
783,6520,80,6519,169,,,6521,80,6522,169,,
784,6520,192,,,,,6522,192,,,,
785,6520,209,,,,,6521,88,6522,121,,
786,6520,212,,,,,6522,212,,,,
787,6520,67,6519,136,,,6521,70,6522,136,,
788,6520,88,6519,160,,,6521,88,6522,160,,
789,6520,89,6519,153,,,6521,89,6522,153,,
790,6520,75,6519,104,,,6521,75,6522,104,,
791,6520,80,6519,112,,,6521,80,6522,112,,
792,6520,97,6519,163,,,6521,97,6522,163,,
793,6520,97,6519,176,,,6521,97,6522,176,,
794,6520,233,,,,,6522,233,,,,
795,6520,264,,,,,6522,264,,,,
796,6520,265,,,,,6522,265,,,,
797,6521,250,,,,,6523,250,,,,
798,6522,96,6521,183,,,6523,96,6524,183,,
799,6523,90,6522,116,,,6524,90,6525,116,,
800,6523,181,,,,,6525,181,,,,
801,6523,99,6522,147,,,6524,99,6525,147,,
802,6522,229,,,,,6524,229,,,,
803,6523,206,,,,,6525,206,,,,
804,6524,276,,,,,6526,276,,,,
805,6524,197,,,,,6526,197,,,,
806,6524,206,,,,,6526,206,,,,
807,6524,62,6523,153,,,6525,62,6526,153,,
808,6523,274,,,,,6525,274,,,,
809,6523,221,,,,,6525,221,,,,
810,6523,196,,,,,6525,196,,,,
811,6523,255,,,,,6525,255,,,,
812,6523,202,,,,,6525,202,,,,
813,6523,258,,,,,6525,258,,,,
814,6524,176,,,,,6525,63,6526,113,,
815,6524,70,6523,109,,,6525,70,6526,109,,
816,6524,252,,,,,6526,252,,,,
817,6525,233,,,,,6527,221,,,,
818,6525,214,,,,,6527,214,,,,
819,6525,283,,,,,6527,283,,,,
820,6525,232,,,,,6527,232,,,,
821,6525,255,,,,,6527,255,,,,
822,6525,212,,,,,6526,92,6527,120,,
823,6524,207,,,,,6526,207,,,,
824,6525,91,6524,117,,,6526,91,6527,117,,
825,6525,169,,,,,6526,62,6527,107,,
826,6525,213,,,,,6527,213,,,,
827,6525,186,,,,,6527,186,,,,
828,6526,56,6525,150,,,6527,206,,,,
829,6526,3,6525,191,,,6527,191,,,,
830,6525,189,,,,,6527,189,,,,
831,6526,63,6525,167,,,6527,63,6528,167,,
832,6526,247,,,,,6528,247,,,,
833,6526,183,,,,,6528,183,,,,
834,6527,207,,,,,6528,55,6529,152,,
835,6527,83,6526,104,,,6528,83,6529,104,,
836,6526,92,6525,165,,,6527,92,6528,165,,
837,6524,206,,,,,6526,206,,,,
838,6525,84,6524,197,,,6526,84,6527,197,,
839,6524,220,,,,,6526,220,,,,
840,6525,50,6524,101,,,6526,50,6527,101,,
841,6526,60,6525,141,,,6527,60,6528,141,,
842,6526,240,,,,,6527,70,6528,170,,
843,6526,283,,,,,6528,283,,,,
844,6526,245,,,,,6528,245,,,,
845,6526,260,,,,,6528,260,,,,
846,6526,155,,,,,6528,155,,,,
847,6526,251,,,,,6527,65,6528,186,,
848,6526,57,6525,140,,,6527,57,6528,140,,
849,6526,62,6525,147,,,6527,62,6528,147,,
850,6525,177,,,,,6527,177,,,,
851,6525,210,,,,,6527,210,,,,
852,6525,203,,,,,6527,203,,,,
853,6525,226,,,,,6527,226,,,,
854,6525,258,,,,,6527,258,,,,
855,6525,202,,,,,6527,202,,,,
856,6525,198,,,,,6527,198,,,,
857,6525,181,,,,,6527,181,,,,
858,6525,100,6524,107,,,6526,100,6527,107,,
859,6524,186,,,,,6526,186,,,,
860,6525,10,6524,209,,,6526,209,,,,
861,6524,53,6523,102,,,6525,53,6526,102,,
862,6523,177,,,,,6525,177,,,,
863,6523,243,,,,,6525,243,,,,
864,6523,205,,,,,6525,205,,,,
865,6523,273,,,,,6525,269,,,,
866,6522,255,,,,,6524,255,,,,
867,6522,169,,,,,6524,169,,,,
868,6522,175,,,,,6524,175,,,,
869,6523,56,6522,184,,,6524,56,6525,184,,
870,6523,79,6522,137,,,6524,79,6525,137,,
871,6522,232,,,,,6524,232,,,,
872,6522,285,,,,,6524,285,,,,
873,6521,229,,,,,6522,10,6523,229,,
874,6521,212,,,,,6523,212,,,,
875,6521,255,,,,,6523,250,,,,
876,6521,246,,,,,6523,246,,,,
877,6521,222,,,,,6523,222,,,,
878,6522,64,6521,199,,,6523,64,6524,199,,
879,6522,88,6521,145,,,6523,88,6524,145,,
880,6522,67,6521,165,,,6523,64,6524,165,,
881,6522,68,6521,104,,,6523,68,6524,104,,
882,6522,262,,,,,6524,262,,,,
883,6522,242,,,,,6524,242,,,,
884,6522,218,,,,,6524,218,,,,
885,6522,236,,,,,6524,236,,,,
886,6522,276,,,,,6524,276,,,,
887,6522,227,,,,,6524,227,,,,
888,6522,195,,,,,6524,195,,,,
889,6522,181,,,,,6524,190,,,,
890,6522,265,,,,,6524,265,,,,
891,6522,277,,,,,6524,277,,,,
892,6522,179,,,,,6524,179,,,,
893,6522,158,,,,,6524,158,,,,
894,6523,240,,,,,6525,240,,,,
895,6523,199,,,,,6525,199,,,,
896,6523,209,,,,,6525,209,,,,
897,6524,225,,,,,6526,225,,,,
898,6524,242,,,,,6526,242,,,,
899,6523,206,,,,,6525,206,,,,
900,6523,201,,,,,6525,201,,,,
901,6523,223,,,,,6525,223,,,,
902,6524,258,,,,,6526,258,,,,
903,6524,189,,,,,6526,189,,,,
904,6524,76,6523,124,,,6525,76,6526,124,,
905,6524,65,6523,160,,,6525,65,6526,160,,
906,6523,211,,,,,6525,211,,,,
907,6523,228,,,,,6525,228,,,,
908,6523,224,,,,,6525,224,,,,
909,6523,62,6522,153,,,6524,62,6525,153,,
910,6523,212,,,,,6525,203,,,,
911,6523,89,6522,121,,,6524,89,6525,121,,
912,6522,267,,,,,6524,267,,,,
913,6522,269,,,,,6524,269,,,,
914,6521,247,,,,,6523,247,,,,
915,6521,263,,,,,6523,263,,,,
916,6521,228,,,,,6523,228,,,,
917,6520,261,,,,,6522,261,,,,
918,6520,190,,,,,6522,190,,,,
919,6520,174,,,,,6522,174,,,,
920,6520,153,,,,,6522,163,,,,
921,6520,256,,,,,6522,256,,,,
922,6520,246,,,,,6522,246,,,,
923,6520,254,,,,,6522,254,,,,
924,6520,214,,,,,6522,214,,,,
925,6520,189,,,,,6522,189,,,,
926,6520,240,,,,,6522,240,,,,
927,6520,69,6519,179,,,6521,69,6522,179,,
928,6520,218,,,,,6521,76,6522,142,,
929,6520,62,6519,104,,,6521,62,6522,104,,
930,6520,66,6519,105,,,6521,66,6522,105,,
931,6520,96,6519,140,,,6521,96,6522,140,,
932,6520,80,6519,197,,,6521,80,6522,197,,
933,6520,182,,,,,6522,182,,,,
934,6521,239,,,,,6523,239,,,,
935,6521,230,,,,,6523,230,,,,
936,6521,265,,,,,6522,7,6523,265,,
937,6522,226,,,,,6524,226,,,,
938,6522,247,,,,,6523,64,6524,183,,
939,6522,97,6521,104,,,6523,97,6524,104,,
940,6521,199,,,,,6523,199,,,,
941,6521,191,,,,,6523,191,,,,
942,6521,260,,,,,6523,260,,,,
943,6522,178,,,,,6524,178,,,,
944,6522,54,6521,197,,,6523,54,6524,197,,
945,6522,242,,,,,6523,91,6524,151,,
946,6522,60,6521,199,,,6523,60,6524,199,,
947,6521,254,,,,,6523,254,,,,
948,6521,224,,,,,6523,224,,,,
949,6521,259,,,,,6523,271,,,,
950,6521,98,6520,114,,,6522,98,6523,114,,
951,6521,84,6520,186,,,6522,91,6523,186,,
952,6521,66,6520,178,,,6522,66,6523,178,,
953,6520,71,6519,149,,,6521,71,6522,149,,
954,6520,94,6519,171,,,6521,94,6522,171,,
955,6520,75,6519,142,,,6521,75,6522,142,,
956,6520,90,6519,100,,,6521,90,6522,100,,
957,6519,51,6518,103,,,6520,51,6521,103,,
958,6519,87,6518,151,,,6520,87,6521,151,,
959,6519,72,6518,143,,,6520,72,6521,143,,
960,6518,212,,,,,6519,5,6520,212,,
961,6518,220,,,,,6520,220,,,,
962,6518,279,,,,,6520,279,,,,
963,6518,218,,,,,6520,218,,,,
964,6518,205,,,,,6520,205,,,,
965,6518,100,6517,163,,,6519,100,6520,163,,
966,6517,250,,,,,6519,250,,,,
967,6517,72,6516,168,,,6518,72,6519,168,,
968,6517,55,6516,188,,,6518,55,6519,188,,
969,6517,88,6516,123,,,6518,88,6519,123,,
970,6517,154,,,,,6518,54,6519,100,,
971,6517,180,,,,,6518,70,6519,117,,
972,6517,249,,,,,6519,249,,,,
973,6518,202,,,,,6520,202,,,,
974,6519,249,,,,,6521,249,,,,
975,6519,214,,,,,6521,205,,,,
976,6519,251,,,,,6521,257,,,,
977,6518,246,,,,,6520,246,,,,
978,6518,191,,,,,6520,191,,,,
979,6518,211,,,,,6520,211,,,,
980,6518,51,6517,181,,,6519,232,,,,
981,6518,56,6517,147,,,6519,56,6520,147,,
982,6518,52,6517,110,,,6519,52,6520,110,,
983,6518,72,6517,176,,,6519,72,6520,176,,
984,6518,234,,,,,6520,234,,,,
985,6518,83,6517,200,,,6519,83,6520,200,,
986,6518,94,6517,199,,,6519,94,6520,199,,
987,6517,235,,,,,6519,235,,,,
988,6519,244,,,,,6521,244,,,,
989,6519,205,,,,,6521,205,,,,
990,6519,213,,,,,6521,213,,,,
991,6519,181,,,,,6521,181,,,,
992,6519,202,,,,,6521,202,,,,
993,6519,240,,,,,6521,240,,,,
994,6518,194,,,,,6520,203,,,,
995,6518,55,6517,160,,,6519,55,6520,160,,
996,6517,215,,,,,6519,215,,,,
997,6516,171,,,,,6518,171,,,,
998,6517,9,6516,206,,,6518,206,,,,
999,6515,228,,,,,6517,221,,,,
1000,6515,90,6514,115,,,6516,90,6517,115,,
1001,6513,263,,,,,6515,263,,,,
1002,6514,92,6513,119,,,6515,92,6516,119,,
1003,6514,73,6513,133,,,6515,73,6516,133,,
1004,6514,234,,,,,6516,234,,,,
1005,6514,274,,,,,6516,274,,,,
1006,6514,58,6513,165,,,6515,58,6516,165,,
1007,6513,66,6512,181,,,6514,66,6515,181,,
1008,6513,278,,,,,6515,278,,,,
1009,6513,197,,,,,6514,53,6515,144,,
1010,6512,213,,,,,6514,213,,,,
1011,6512,189,,,,,6514,189,,,,
1012,6512,171,,,,,6514,171,,,,
1013,6512,232,,,,,6513,5,6514,232,,
1014,6513,258,,,,,6515,258,,,,
1015,6515,64,6514,174,,,6516,64,6517,174,,
1016,6515,64,6514,148,,,6516,64,6517,148,,
1017,6514,94,6513,199,,,6515,94,6516,199,,
1018,6513,199,,,,,6515,199,,,,
1019,6514,160,,,,,6516,160,,,,
1020,6514,215,,,,,6516,215,,,,
1021,6514,281,,,,,6516,281,,,,
1022,6515,67,6514,116,,,6516,183,,,,
1023,6513,234,,,,,6515,234,,,,
1024,6513,252,,,,,6515,252,,,,
1025,6514,191,,,,,6516,191,,,,
1026,6513,53,6512,115,,,6514,53,6515,115,,
1027,6513,84,6512,146,,,6514,84,6515,146,,
1028,6512,188,,,,,6514,188,,,,
1029,6512,255,,,,,6514,255,,,,
1030,6512,195,,,,,6514,195,,,,
1031,6511,180,,,,,6513,180,,,,
1032,6511,219,,,,,6513,219,,,,
1033,6511,91,6510,200,,,6512,91,6513,200,,
1034,6511,93,6510,151,,,6512,93,6513,151,,
1035,6511,50,6510,141,,,6512,50,6513,141,,
1036,6512,189,,,,,6514,189,,,,
1037,6512,191,,,,,6514,191,,,,
1038,6511,220,,,,,6513,220,,,,
1039,6511,251,,,,,6513,251,,,,
1040,6512,67,6511,182,,,6513,67,6514,182,,
1041,6512,5,6511,236,,,6513,236,,,,
1042,6511,225,,,,,6513,225,,,,
1043,6512,71,6511,151,,,6513,71,6514,151,,
1044,6512,201,,,,,6514,201,,,,
1045,6512,215,,,,,6514,215,,,,
1046,6512,198,,,,,6514,198,,,,
1047,6512,247,,,,,6513,11,6514,247,,
1048,6512,197,,,,,6514,197,,,,
1049,6512,206,,,,,6514,206,,,,
1050,6512,86,6511,133,,,6513,86,6514,133,,
1051,6511,183,,,,,6513,183,,,,
1052,6511,54,6510,157,,,6512,54,6513,157,,
1053,6510,226,,,,,6512,226,,,,
1054,6510,283,,,,,6512,283,,,,
1055,6510,205,,,,,6512,205,,,,
1056,6510,84,6509,189,,,6511,92,6512,189,,
1057,6510,59,6509,134,,,6511,59,6512,134,,
1058,6509,209,,,,,6511,209,,,,
1059,6510,172,,,,,6512,165,,,,
1060,6511,7,6510,237,,,6512,237,,,,
1061,6510,232,,,,,6512,232,,,,
1062,6510,212,,,,,6512,212,,,,
1063,6510,227,,,,,6512,227,,,,
1064,6510,84,6509,131,,,6511,84,6512,131,,
1065,6510,94,6509,129,,,6511,223,,,,
1066,6510,94,6509,118,,,6511,94,6512,118,,
1067,6510,83,6509,170,,,6511,83,6512,170,,
1068,6510,46,6509,145,,,6511,52,6512,145,,
1069,6511,165,,,,,6513,165,,,,
1070,6511,183,,,,,6513,183,,,,
1071,6511,208,,,,,6513,208,,,,
1072,6511,213,,,,,6513,220,,,,
1073,6512,71,6511,185,,,6513,71,6514,185,,
1074,6512,160,,,,,6514,160,,,,
1075,6512,170,,,,,6514,170,,,,
1076,6512,87,6511,104,,,6513,87,6514,104,,
1077,6511,286,,,,,6513,286,,,,
1078,6511,278,,,,,6513,278,,,,
1079,6511,100,6510,104,,,6512,100,6513,104,,
1080,6510,51,6509,119,,,6511,61,6512,119,,
1081,6509,176,,,,,6511,176,,,,
1082,6509,190,,,,,6511,190,,,,
1083,6509,277,,,,,6511,274,,,,
1084,6510,76,6509,179,,,6511,76,6512,179,,
1085,6509,267,,,,,6511,267,,,,
1086,6509,201,,,,,6510,3,6511,201,,
1087,6509,248,,,,,6511,248,,,,
1088,6509,54,6508,174,,,6510,54,6511,174,,
1089,6509,238,,,,,6511,238,,,,
1090,6509,258,,,,,6511,258,,,,
1091,6509,53,6508,146,,,6510,53,6511,146,,
1092,6508,181,,,,,6510,181,,,,
1093,6507,192,,,,,6508,11,6509,192,,
1094,6508,189,,,,,6510,189,,,,
1095,6509,205,,,,,6511,205,,,,
1096,6510,245,,,,,6512,245,,,,
1097,6513,79,6512,167,,,6514,250,,,,
1098,6514,179,,,,,6516,179,,,,
1099,6513,253,,,,,6515,253,,,,
1100,6513,82,6512,109,,,6514,82,6515,109,,
1101,6514,95,6513,200,,,6515,95,6516,200,,
1102,6515,72,6514,124,,,6516,72,6517,124,,
1103,6516,83,6515,104,,,6517,83,6518,104,,
1104,6516,50,6515,118,,,6517,50,6518,118,,
1105,6517,62,6516,153,,,6518,62,6519,153,,
1106,6516,230,,,,,6518,230,,,,
1107,6515,201,,,,,6517,201,,,,
1108,6515,262,,,,,6517,262,,,,
1109,6515,260,,,,,6517,260,,,,
1110,6516,89,6515,153,,,6517,89,6518,153,,
1111,6515,207,,,,,6517,207,,,,
1112,6517,55,6516,120,,,6518,175,,,,
1113,6516,233,,,,,6518,233,,,,
1114,6517,67,6516,122,,,6518,67,6519,122,,
1115,6517,211,,,,,6519,211,,,,
1116,6517,211,,,,,6519,211,,,,
1117,6517,214,,,,,6519,214,,,,
1118,6518,52,6517,103,,,6519,52,6520,103,,
1119,6517,205,,,,,6519,205,,,,
1120,6517,93,6516,107,,,6518,84,6519,107,,
1121,6517,72,6516,106,,,6518,72,6519,106,,
1122,6517,4,6516,258,,,6518,258,,,,
1123,6515,243,,,,,6517,243,,,,
1124,6515,180,,,,,6517,180,,,,
1125,6515,247,,,,,6517,247,,,,
1126,6515,250,,,,,6517,250,,,,
1127,6515,200,,,,,6517,200,,,,
1128,6515,193,,,,,6517,182,,,,
1129,6515,203,,,,,6517,203,,,,
1130,6515,240,,,,,6517,240,,,,
1131,6514,252,,,,,6516,252,,,,
1132,6514,248,,,,,6516,248,,,,
1133,6515,11,6514,233,,,6516,233,,,,
1134,6514,289,,,,,6516,289,,,,
1135,6516,98,6515,146,,,6517,98,6518,146,,
1136,6515,273,,,,,6517,273,,,,
1137,6515,78,6514,126,,,6516,78,6517,126,,
1138,6514,173,,,,,6516,173,,,,
1139,6514,275,,,,,6516,275,,,,
1140,6514,158,,,,,6516,158,,,,
1141,6515,75,6514,173,,,6516,75,6517,173,,
1142,6515,222,,,,,6517,222,,,,
1143,6515,186,,,,,6517,186,,,,
1144,6515,263,,,,,6517,263,,,,
1145,6516,239,,,,,6518,239,,,,
1146,6516,206,,,,,6518,206,,,,
1147,6517,215,,,,,6519,215,,,,
1148,6517,55,6516,130,,,6518,55,6519,130,,
1149,6517,63,6516,185,,,6518,63,6519,185,,
1150,6518,68,6517,117,,,6519,68,6520,117,,
1151,6517,88,6516,167,,,6518,88,6519,167,,
1152,6516,257,,,,,6518,257,,,,
1153,6517,64,6516,166,,,6518,64,6519,166,,
1154,6517,166,,,,,6519,166,,,,
1155,6517,206,,,,,6518,3,6519,206,,
1156,6517,220,,,,,6519,220,,,,
1157,6517,253,,,,,6519,253,,,,
1158,6516,177,,,,,6518,177,,,,
1159,6516,177,,,,,6518,177,,,,
1160,6517,66,6516,186,,,6518,66,6519,186,,
1161,6517,73,6516,157,,,6518,73,6519,157,,
1162,6517,84,6516,112,,,6518,84,6519,112,,
1163,6517,243,,,,,6519,243,,,,
1164,6517,222,,,,,6519,222,,,,
1165,6517,190,,,,,6519,190,,,,
1166,6518,248,,,,,6520,248,,,,
1167,6519,55,6518,132,,,6520,55,6521,132,,
1168,6518,198,,,,,6520,198,,,,
1169,6518,216,,,,,6520,216,,,,
1170,6518,176,,,,,6520,176,,,,
1171,6518,210,,,,,6520,210,,,,
1172,6518,151,,,,,6520,151,,,,
1173,6517,255,,,,,6519,255,,,,
1174,6517,259,,,,,6519,259,,,,
1175,6517,266,,,,,6519,266,,,,
1176,6517,77,6516,150,,,6518,77,6519,150,,
1177,6517,195,,,,,6519,195,,,,
1178,6519,83,6518,149,,,6520,83,6521,149,,
1179,6518,75,6517,145,,,6519,75,6520,145,,
1180,6518,51,6517,142,,,6519,51,6520,142,,
1181,6518,232,,,,,6520,232,,,,
1182,6518,255,,,,,6520,255,,,,
1183,6518,217,,,,,6520,217,,,,
1184,6518,287,,,,,6520,287,,,,
1185,6518,90,6517,172,,,6519,90,6520,172,,
1186,6518,51,6517,198,,,6519,51,6520,198,,
1187,6518,82,6517,148,,,6519,82,6520,148,,
1188,6518,70,6517,125,,,6519,70,6520,125,,
1189,6517,261,,,,,6519,261,,,,
1190,6517,88,6516,190,,,6518,88,6519,190,,
1191,6517,264,,,,,6519,264,,,,
1192,6517,246,,,,,6519,246,,,,
1193,6516,277,,,,,6518,277,,,,
1194,6516,220,,,,,6518,220,,,,
1195,6517,73,6516,195,,,6518,73,6519,195,,
1196,6517,58,6516,196,,,6518,58,6519,196,,
1197,6517,92,6516,142,,,6518,92,6519,142,,
1198,6516,278,,,,,6518,278,,,,
1199,6516,187,,,,,6518,187,,,,
1200,6516,237,,,,,6518,237,,,,
1201,6516,162,,,,,6518,162,,,,
1202,6516,265,,,,,6518,265,,,,
1203,6516,190,,,,,6518,190,,,,
1204,6516,241,,,,,6518,241,,,,
1205,6515,232,,,,,6517,232,,,,
1206,6516,54,6515,152,,,6517,54,6518,152,,
1207,6516,228,,,,,6518,221,,,,
1208,6516,90,6515,151,,,6517,90,6518,151,,
1209,6515,211,,,,,6517,211,,,,
1210,6516,100,6515,156,,,6517,100,6518,156,,
1211,6516,84,6515,122,,,6517,84,6518,122,,
1212,6517,7,6516,173,,,6518,173,,,,
1213,6516,60,6515,117,,,6517,60,6518,117,,
1214,6515,226,,,,,6517,226,,,,
1215,6515,229,,,,,6517,229,,,,
1216,6515,213,,,,,6517,213,,,,
1217,6515,237,,,,,6517,237,,,,
1218,6514,283,,,,,6516,283,,,,
1219,6514,189,,,,,6516,189,,,,
1220,6514,197,,,,,6516,197,,,,
1221,6515,98,6514,171,,,6516,98,6517,171,,
1222,6515,181,,,,,6517,181,,,,
1223,6516,94,6515,178,,,6517,94,6518,178,,
1224,6515,87,6514,191,,,6516,87,6517,191,,
1225,6515,254,,,,,6517,254,,,,
1226,6515,87,6514,157,,,6516,87,6517,157,,
1227,6514,228,,,,,6516,228,,,,
1228,6514,228,,,,,6516,228,,,,
1229,6514,191,,,,,6516,191,,,,
1230,6514,225,,,,,6516,225,,,,
1231,6514,241,,,,,6516,245,,,,
1232,6514,260,,,,,6516,260,,,,
1233,6514,213,,,,,6516,213,,,,
1234,6514,208,,,,,6516,208,,,,
1235,6514,241,,,,,6515,9,6516,241,,
1236,6514,179,,,,,6516,179,,,,
1237,6514,241,,,,,6516,241,,,,
1238,6516,269,,,,,6518,269,,,,
1239,6516,88,6515,149,,,6517,88,6518,149,,
1240,6517,226,,,,,6518,4,6519,226,,
1241,6518,77,6517,189,,,6519,71,6520,189,,
1242,6517,232,,,,,6519,232,,,,
1243,6517,62,6516,192,,,6518,62,6519,192,,
1244,6517,223,,,,,6519,223,,,,
1245,6517,240,,,,,6519,240,,,,
1246,6517,199,,,,,6519,199,,,,
1247,6516,184,,,,,6518,184,,,,
1248,6516,243,,,,,6518,243,,,,
1249,6517,76,6516,193,,,6518,76,6519,193,,
1250,6517,51,6516,134,,,6518,51,6519,134,,
1251,6517,65,6516,131,,,6518,196,,,,
1252,6516,222,,,,,6518,222,,,,
1253,6517,53,6516,127,,,6518,53,6519,127,,
1254,6519,93,6518,146,,,6520,93,6521,146,,
1255,6519,172,,,,,6521,172,,,,
1256,6519,236,,,,,6521,236,,,,
1257,6520,92,6519,130,,,6521,92,6522,130,,
1258,6520,6,6519,239,,,6521,239,,,,
1259,6520,97,6519,113,,,6521,210,,,,
1260,6518,211,,,,,6520,211,,,,
1261,6519,294,,,,,6521,294,,,,
1262,6519,266,,,,,6521,266,,,,
1263,6520,5,6519,261,,,6521,261,,,,
1264,6520,265,,,,,6522,265,,,,
1265,6520,85,6519,142,,,6521,92,6522,142,,
1266,6520,77,6519,176,,,6521,77,6522,176,,
1267,6520,59,6519,188,,,6521,59,6522,188,,
1268,6521,63,6520,170,,,6522,63,6523,170,,
1269,6520,277,,,,,6522,277,,,,
1270,6520,74,6519,137,,,6521,74,6522,137,,
1271,6520,59,6519,101,,,6521,59,6522,101,,
1272,6519,191,,,,,6521,191,,,,
1273,6520,78,6519,190,,,6521,78,6522,190,,
1274,6521,196,,,,,6523,196,,,,
1275,6522,269,,,,,6524,269,,,,
1276,6522,88,6521,189,,,6523,88,6524,189,,
1277,6522,85,6521,161,,,6523,85,6524,161,,
1278,6522,258,,,,,6524,258,,,,
1279,6523,254,,,,,6525,254,,,,
1280,6523,246,,,,,6525,246,,,,
1281,6523,67,6522,171,,,6524,67,6525,171,,
1282,6523,274,,,,,6525,274,,,,
1283,6523,251,,,,,6525,251,,,,
1284,6526,69,6525,108,,,6527,69,6528,108,,
1285,6526,179,,,,,6528,179,,,,
1286,6526,50,6525,178,,,6527,50,6528,178,,
1287,6525,228,,,,,6527,228,,,,
1288,6526,270,,,,,6528,270,,,,
1289,6526,279,,,,,6528,279,,,,
1290,6526,157,,,,,6527,55,6528,102,,
1291,6526,45,6525,134,,,6527,190,,,,
1292,6525,186,,,,,6527,186,,,,
1293,6525,263,,,,,6527,263,,,,
1294,6525,56,6524,144,,,6526,60,6527,144,,
1295,6524,73,6523,161,,,6525,73,6526,161,,
1296,6522,218,,,,,6524,218,,,,
1297,6523,80,6522,184,,,6524,80,6525,184,,
1298,6523,215,,,,,6524,74,6525,141,,
1299,6522,231,,,,,6524,231,,,,
1300,6524,276,,,,,6526,276,,,,
1301,6525,87,6524,128,,,6526,87,6527,128,,
1302,6525,88,6524,187,,,6526,88,6527,187,,
1303,6524,93,6523,187,,,6525,93,6526,187,,
1304,6524,234,,,,,6526,234,,,,
1305,6524,255,,,,,6526,255,,,,
1306,6524,233,,,,,6526,233,,,,
1307,6524,280,,,,,6526,280,,,,
1308,6524,231,,,,,6526,231,,,,
1309,6524,215,,,,,6526,215,,,,
1310,6524,214,,,,,6526,214,,,,
1311,6524,268,,,,,6525,94,6526,174,,
1312,6524,246,,,,,6526,246,,,,
1313,6524,204,,,,,6526,204,,,,
1314,6525,3,6524,200,,,6526,200,,,,
1315,6524,271,,,,,6526,271,,,,
1316,6524,256,,,,,6526,256,,,,
1317,6525,90,6524,198,,,6526,90,6527,198,,
1318,6524,227,,,,,6526,227,,,,
1319,6524,245,,,,,6526,245,,,,
1320,6524,243,,,,,6525,10,6526,243,,
1321,6524,220,,,,,6526,220,,,,
1322,6523,195,,,,,6525,195,,,,
1323,6522,259,,,,,6524,259,,,,
1324,6521,229,,,,,6523,229,,,,
1325,6521,207,,,,,6522,10,6523,207,,
1326,6521,218,,,,,6523,218,,,,
1327,6521,166,,,,,6523,166,,,,
1328,6522,54,6521,167,,,6523,54,6524,167,,
1329,6521,230,,,,,6523,230,,,,
1330,6522,246,,,,,6524,246,,,,
1331,6522,224,,,,,6524,224,,,,
1332,6522,51,6521,175,,,6523,51,6524,175,,
1333,6522,83,6521,129,,,6523,83,6524,129,,
1334,6522,83,6521,141,,,6523,83,6524,141,,
1335,6522,64,6521,158,,,6523,64,6524,158,,
1336,6522,91,6521,177,,,6523,91,6524,177,,
1337,6522,68,6521,173,,,6523,68,6524,173,,
1338,6522,77,6521,183,,,6523,77,6524,183,,
1339,6522,59,6521,133,,,6523,192,,,,
1340,6521,88,6520,108,,,6522,88,6523,108,,
1341,6521,100,6520,167,,,6522,93,6523,167,,
1342,6519,192,,,,,6521,192,,,,
1343,6520,283,,,,,6522,283,,,,
1344,6519,163,,,,,6521,163,,,,
1345,6519,202,,,,,6520,66,6521,147,,
1346,6519,177,,,,,6521,177,,,,
1347,6519,198,,,,,6521,198,,,,
1348,6519,94,6518,196,,,6520,94,6521,196,,
1349,6519,72,6518,165,,,6520,72,6521,165,,
1350,6518,231,,,,,6520,231,,,,
1351,6518,197,,,,,6520,197,,,,
1352,6518,274,,,,,6520,274,,,,
1353,6518,178,,,,,6520,178,,,,
1354,6519,71,6518,123,,,6520,71,6521,123,,
1355,6518,220,,,,,6520,220,,,,
1356,6518,268,,,,,6520,268,,,,
1357,6518,214,,,,,6520,214,,,,
1358,6518,221,,,,,6520,221,,,,
1359,6517,296,,,,,6519,296,,,,
1360,6519,90,6518,181,,,6520,90,6521,181,,
1361,6519,97,6518,146,,,6520,97,6521,146,,
1362,6519,211,,,,,6521,203,,,,
1363,6519,91,6518,118,,,6520,91,6521,118,,
1364,6519,97,6518,146,,,6520,97,6521,146,,
1365,6518,210,,,,,6520,210,,,,
1366,6518,268,,,,,6520,268,,,,
1367,6519,98,6518,154,,,6520,98,6521,154,,
1368,6519,258,,,,,6521,258,,,,
1369,6519,97,6518,122,,,6520,97,6521,122,,
1370,6518,189,,,,,6520,189,,,,
1371,6518,227,,,,,6520,227,,,,
1372,6518,281,,,,,6520,281,,,,
1373,6518,263,,,,,6520,263,,,,
1374,6518,219,,,,,6520,219,,,,
1375,6518,242,,,,,6520,242,,,,
1376,6518,269,,,,,6520,269,,,,
1377,6518,58,6517,141,,,6519,58,6520,141,,
1378,6520,73,6519,192,,,6521,73,6522,192,,
1379,6519,235,,,,,6521,227,,,,
1380,6519,58,6518,197,,,6520,58,6521,197,,
1381,6518,199,,,,,6520,199,,,,
1382,6518,87,6517,126,,,6519,87,6520,126,,
1383,6518,185,,,,,6520,185,,,,
1384,6518,53,6517,200,,,6519,53,6520,200,,
1385,6519,203,,,,,6521,203,,,,
1386,6518,239,,,,,6520,239,,,,
1387,6518,192,,,,,6520,192,,,,
1388,6518,221,,,,,6520,221,,,,
1389,6518,263,,,,,6520,263,,,,
1390,6518,232,,,,,6520,232,,,,
1391,6517,170,,,,,6519,170,,,,
1392,6518,230,,,,,6519,100,6520,130,,
1393,6518,270,,,,,6519,8,6520,270,,
1394,6518,232,,,,,6520,232,,,,
1395,6519,100,6518,121,,,6520,97,6521,121,,
1396,6519,212,,,,,6520,55,6521,157,,
1397,6522,12,6521,211,,,6523,211,,,,
1398,6520,227,,,,,6522,227,,,,
1399,6522,100,6521,189,,,6523,100,6524,189,,
1400,6521,186,,,,,6523,186,,,,
1401,6522,195,,,,,6524,195,,,,
1402,6523,250,,,,,6524,58,6525,192,,
1403,6523,99,6522,186,,,6524,99,6525,186,,
1404,6522,248,,,,,6524,248,,,,
1405,6523,5,6522,229,,,6524,229,,,,
1406,6523,273,,,,,6525,273,,,,
1407,6523,54,6522,103,,,6524,54,6525,103,,
1408,6522,190,,,,,6524,190,,,,
1409,6522,259,,,,,6524,259,,,,
1410,6522,218,,,,,6524,218,,,,
1411,6522,96,6521,165,,,6523,96,6524,165,,
1412,6521,193,,,,,6523,193,,,,
1413,6522,64,6521,142,,,6523,64,6524,142,,
1414,6522,213,,,,,6524,213,,,,
1415,6522,263,,,,,6524,263,,,,
1416,6522,232,,,,,6524,232,,,,
1417,6522,98,6521,122,,,6523,98,6524,122,,
1418,6522,241,,,,,6524,241,,,,
1419,6523,198,,,,,6525,198,,,,
1420,6523,81,6522,145,,,6524,81,6525,145,,
1421,6523,233,,,,,6525,233,,,,
1422,6523,215,,,,,6525,215,,,,
1423,6523,175,,,,,6525,168,,,,
1424,6523,62,6522,184,,,6524,62,6525,184,,
1425,6523,282,,,,,6524,91,6525,191,,
1426,6523,276,,,,,6525,276,,,,
1427,6523,93,6522,117,,,6524,93,6525,117,,
1428,6523,57,6522,165,,,6524,57,6525,165,,
1429,6523,84,6522,147,,,6524,84,6525,147,,
1430,6523,225,,,,,6525,225,,,,
1431,6524,238,,,,,6526,238,,,,
1432,6524,208,,,,,6526,208,,,,
1433,6524,216,,,,,6526,216,,,,
1434,6524,200,,,,,6526,200,,,,
1435,6524,257,,,,,6526,257,,,,
1436,6524,96,6523,193,,,6525,96,6526,193,,
1437,6524,97,6523,134,,,6525,97,6526,134,,
1438,6524,59,6523,130,,,6525,59,6526,130,,
1439,6523,267,,,,,6525,267,,,,
1440,6523,235,,,,,6525,235,,,,
1441,6523,231,,,,,6525,231,,,,
1442,6523,195,,,,,6525,195,,,,
1443,6523,217,,,,,6525,217,,,,
1444,6523,282,,,,,6525,282,,,,
1445,6523,201,,,,,6525,201,,,,
1446,6523,64,6522,136,,,6524,64,6525,136,,
1447,6522,192,,,,,6524,192,,,,
1448,6522,273,,,,,6523,86,6524,187,,
1449,6522,247,,,,,6524,247,,,,
1450,6522,89,6521,191,,,6523,89,6524,191,,
1451,6519,80,6518,163,,,6520,84,6521,163,,
1452,6519,224,,,,,6521,233,,,,
1453,6520,251,,,,,6522,251,,,,
1454,6520,97,6519,148,,,6521,97,6522,148,,
1455,6519,209,,,,,6521,209,,,,
1456,6520,59,6519,109,,,6521,59,6522,109,,
1457,6519,243,,,,,6521,243,,,,
1458,6521,207,,,,,6523,207,,,,
1459,6521,212,,,,,6523,212,,,,
1460,6522,7,6521,269,,,6523,269,,,,
1461,6522,59,6521,191,,,6523,59,6524,191,,
1462,6521,259,,,,,6523,259,,,,
1463,6521,286,,,,,6523,286,,,,
1464,6521,202,,,,,6523,202,,,,
1465,6521,183,,,,,6523,183,,,,
1466,6522,94,6521,107,,,6523,94,6524,107,,
1467,6521,235,,,,,6523,235,,,,
1468,6521,53,6520,174,,,6522,53,6523,174,,
1469,6521,212,,,,,6523,212,,,,
1470,6521,68,6520,197,,,6522,68,6523,197,,
1471,6521,237,,,,,6523,237,,,,
1472,6521,233,,,,,6523,233,,,,
1473,6521,224,,,,,6523,224,,,,
1474,6521,204,,,,,6523,204,,,,
1475,6521,216,,,,,6523,216,,,,
1476,6522,223,,,,,6524,223,,,,
1477,6522,241,,,,,6524,241,,,,
1478,6523,90,6522,136,,,6524,226,,,,
1479,6523,247,,,,,6525,247,,,,
1480,6522,291,,,,,6524,291,,,,
1481,6522,227,,,,,6524,227,,,,
1482,6522,270,,,,,6524,270,,,,
1483,6522,230,,,,,6524,230,,,,
1484,6522,194,,,,,6524,194,,,,
1485,6522,199,,,,,6524,199,,,,
1486,6522,247,,,,,6524,247,,,,
1487,6522,216,,,,,6524,211,,,,
1488,6522,57,6521,155,,,6523,57,6524,155,,
1489,6522,203,,,,,6523,92,6524,111,,
1490,6524,239,,,,,6526,239,,,,
1491,6526,73,6525,132,,,6527,73,6528,132,,
1492,6525,181,,,,,6527,181,,,,
1493,6526,79,6525,149,,,6527,79,6528,149,,
1494,6526,255,,,,,6528,255,,,,
1495,6525,220,,,,,6527,220,,,,
1496,6525,216,,,,,6527,216,,,,
1497,6526,213,,,,,6527,9,6528,213,,
1498,6527,75,6526,102,,,6528,75,6529,102,,
1499,6527,196,,,,,6528,57,6529,139,,
1500,6527,171,,,,,6529,171,,,,
1501,6528,69,6527,119,,,6529,69,6530,119,,
1502,6527,251,,,,,6529,251,,,,
1503,6527,254,,,,,6529,254,,,,
1504,6527,199,,,,,6529,199,,,,
1505,6527,190,,,,,6529,190,,,,
1506,6527,72,6526,115,,,6528,187,,,,
1507,6527,64,6526,130,,,6528,64,6529,130,,
1508,6527,247,,,,,6529,247,,,,
1509,6528,93,6527,127,,,6529,215,,,,
1510,6528,71,6527,121,,,6529,71,6530,121,,
1511,6528,67,6527,196,,,6529,67,6530,196,,
1512,6528,97,6527,100,,,6529,97,6530,100,,
1513,6528,198,,,,,6530,198,,,,
1514,6528,77,6527,123,,,6529,77,6530,123,,
1515,6528,85,6527,166,,,6529,85,6530,166,,
1516,6527,220,,,,,6528,8,6529,220,,
1517,6527,72,6526,156,,,6528,79,6529,156,,
1518,6526,53,6525,164,,,6527,61,6528,164,,
1519,6526,217,,,,,6527,9,6528,217,,
1520,6527,207,,,,,6529,207,,,,
1521,6527,59,6526,133,,,6528,59,6529,133,,
1522,6526,230,,,,,6528,230,,,,
1523,6526,244,,,,,6528,244,,,,
1524,6526,190,,,,,6528,197,,,,
1525,6526,218,,,,,6528,218,,,,
1526,6526,216,,,,,6528,213,,,,
1527,6526,215,,,,,6528,215,,,,
1528,6526,189,,,,,6528,189,,,,
1529,6526,196,,,,,6528,196,,,,
1530,6527,66,6526,160,,,6528,66,6529,160,,
1531,6526,177,,,,,6528,177,,,,
1532,6526,229,,,,,6528,229,,,,
1533,6526,237,,,,,6528,237,,,,
1534,6525,267,,,,,6527,267,,,,
1535,6525,259,,,,,6527,259,,,,
1536,6525,261,,,,,6527,261,,,,
1537,6525,199,,,,,6527,199,,,,
1538,6526,3,6525,258,,,6527,258,,,,
1539,6526,249,,,,,6528,249,,,,
1540,6526,200,,,,,6528,200,,,,
1541,6526,108,6525,112,,,6527,96,6528,112,,
1542,6526,82,6525,190,,,6527,82,6528,190,,
1543,6526,51,6525,106,,,6527,51,6528,106,,
1544,6526,68,6525,148,,,6527,68,6528,148,,
1545,6525,201,,,,,6527,201,,,,
1546,6527,80,6526,184,,,6528,80,6529,184,,
1547,6528,99,6527,177,,,6529,99,6530,177,,
1548,6528,257,,,,,6530,269,,,,
1549,6528,64,6527,134,,,6529,64,6530,134,,
1550,6528,92,6527,154,,,6529,92,6530,154,,
1551,6527,256,,,,,6529,256,,,,
1552,6528,184,,,,,6530,184,,,,
1553,6528,182,,,,,6530,182,,,,
1554,6528,217,,,,,6530,217,,,,
1555,6527,204,,,,,6529,204,,,,
1556,6528,74,6527,187,,,6529,85,6530,187,,
1557,6527,197,,,,,6529,197,,,,
1558,6527,182,,,,,6529,182,,,,
1559,6527,78,6526,117,,,6528,78,6529,117,,
1560,6526,174,,,,,6528,174,,,,
1561,6526,264,,,,,6528,264,,,,
1562,6525,195,,,,,6527,195,,,,
1563,6526,84,6525,175,,,6527,84,6528,175,,
1564,6526,97,6525,127,,,6527,97,6528,127,,
1565,6525,243,,,,,6527,243,,,,
1566,6526,77,6525,110,,,6527,68,6528,110,,
1567,6526,83,6525,108,,,6527,83,6528,108,,
1568,6526,51,6525,102,,,6527,51,6528,102,,
1569,6526,265,,,,,6528,265,,,,
1570,6526,210,,,,,6528,210,,,,
1571,6526,256,,,,,6528,256,,,,
1572,6526,257,,,,,6528,257,,,,
1573,6526,283,,,,,6527,91,6528,192,,
1574,6526,63,6525,159,,,6527,63,6528,159,,
1575,6526,249,,,,,6528,249,,,,
1576,6526,99,6525,136,,,6527,99,6528,136,,
1577,6526,60,6525,165,,,6527,60,6528,165,,
1578,6526,100,6525,199,,,6527,100,6528,199,,
1579,6526,96,6525,179,,,6527,91,6528,179,,
1580,6526,61,6525,120,,,6527,61,6528,120,,
1581,6526,201,,,,,6528,201,,,,
1582,6526,251,,,,,6528,251,,,,
1583,6526,188,,,,,6528,188,,,,
1584,6526,172,,,,,6527,67,6528,105,,
1585,6526,58,6525,142,,,6527,58,6528,142,,
1586,6526,232,,,,,6528,232,,,,
1587,6526,252,,,,,6528,252,,,,
1588,6526,214,,,,,6528,214,,,,
1589,6526,87,6525,184,,,6527,87,6528,184,,
1590,6526,200,,,,,6528,200,,,,
1591,6526,239,,,,,6528,239,,,,
1592,6526,100,6525,196,,,6527,100,6528,196,,
1593,6525,286,,,,,6527,286,,,,
1594,6525,99,6524,195,,,6526,294,,,,
1595,6524,186,,,,,6526,186,,,,
1596,6524,289,,,,,6526,289,,,,
1597,6524,207,,,,,6526,207,,,,
1598,6524,105,6523,127,,,6525,99,6526,127,,
1599,6523,262,,,,,6525,262,,,,
1600,6523,213,,,,,6525,213,,,,
1601,6521,100,6520,187,,,6522,100,6523,187,,
1602,6521,252,,,,,6523,252,,,,
1603,6521,251,,,,,6523,251,,,,
1604,6522,181,,,,,6524,181,,,,
1605,6521,281,,,,,6523,281,,,,
1606,6522,50,6521,156,,,6523,50,6524,156,,
1607,6521,280,,,,,6523,280,,,,
1608,6522,66,6521,145,,,6523,211,,,,
1609,6521,280,,,,,6523,280,,,,
1610,6521,56,6520,168,,,6522,56,6523,168,,
1611,6520,254,,,,,6522,254,,,,
1612,6521,79,6520,194,,,6522,79,6523,194,,
1613,6521,50,6520,199,,,6522,249,,,,
1614,6520,184,,,,,6521,50,6522,134,,
1615,6520,79,6519,153,,,6521,79,6522,153,,
1616,6520,88,6519,145,,,6521,88,6522,145,,
1617,6520,57,6519,113,,,6521,60,6522,113,,
1618,6520,82,6519,112,,,6521,82,6522,112,,
1619,6520,59,6519,115,,,6521,55,6522,115,,
1620,6519,184,,,,,6521,184,,,,
1621,6519,199,,,,,6521,204,,,,
1622,6519,254,,,,,6521,254,,,,
1623,6519,226,,,,,6521,226,,,,
1624,6519,188,,,,,6521,188,,,,
1625,6519,79,6518,112,,,6520,79,6521,112,,
1626,6519,66,6518,122,,,6520,66,6521,122,,
1627,6519,85,6518,172,,,6520,85,6521,172,,
1628,6519,50,6518,146,,,6520,50,6521,146,,
1629,6519,230,,,,,6521,230,,,,
1630,6520,63,6519,160,,,6521,52,6522,160,,
1631,6520,265,,,,,6522,265,,,,
1632,6520,234,,,,,6522,234,,,,
1633,6521,97,6520,173,,,6522,97,6523,173,,
1634,6520,50,6519,193,,,6521,50,6522,193,,
1635,6522,3,6521,175,,,6523,175,,,,
1636,6521,182,,,,,6523,182,,,,
1637,6520,96,6519,177,,,6521,96,6522,177,,
1638,6520,266,,,,,6522,266,,,,
1639,6520,234,,,,,6522,234,,,,
1640,6520,170,,,,,6522,170,,,,
1641,6520,214,,,,,6522,214,,,,
1642,6520,282,,,,,6522,282,,,,
1643,6520,232,,,,,6522,232,,,,
1644,6521,206,,,,,6523,206,,,,
1645,6521,228,,,,,6522,95,6523,133,,
1646,6521,81,6520,179,,,6522,81,6523,179,,
1647,6521,54,6520,191,,,6522,54,6523,191,,
1648,6521,211,,,,,6523,211,,,,
1649,6521,205,,,,,6523,205,,,,
1650,6522,231,,,,,6524,231,,,,
1651,6522,64,6521,151,,,6523,64,6524,151,,
1652,6522,88,6521,171,,,6523,88,6524,171,,
1653,6522,87,6521,158,,,6523,77,6524,158,,
1654,6521,283,,,,,6522,11,6523,283,,
1655,6522,211,,,,,6524,211,,,,
1656,6523,250,,,,,6525,257,,,,
1657,6523,189,,,,,6525,189,,,,
1658,6523,72,6522,184,,,6524,72,6525,184,,
1659,6523,68,6522,155,,,6524,68,6525,155,,
1660,6523,154,,,,,6525,154,,,,
1661,6523,52,6522,127,,,6524,179,,,,
1662,6523,202,,,,,6525,202,,,,
1663,6523,242,,,,,6524,9,6525,242,,
1664,6523,229,,,,,6525,229,,,,
1665,6523,235,,,,,6525,235,,,,
1666,6523,207,,,,,6525,207,,,,
1667,6525,239,,,,,6527,239,,,,
1668,6525,254,,,,,6527,254,,,,
1669,6525,276,,,,,6527,273,,,,
1670,6525,243,,,,,6527,243,,,,
1671,6525,55,6524,178,,,6526,55,6527,178,,
1672,6524,219,,,,,6526,219,,,,
1673,6525,58,6524,190,,,6526,58,6527,190,,
1674,6525,61,6524,197,,,6526,61,6527,197,,
1675,6524,209,,,,,6526,209,,,,
1676,6524,288,,,,,6526,288,,,,
1677,6524,260,,,,,6526,260,,,,
1678,6524,203,,,,,6526,203,,,,
1679,6524,173,,,,,6526,173,,,,
1680,6524,253,,,,,6526,253,,,,
1681,6524,247,,,,,6526,247,,,,
1682,6524,188,,,,,6526,188,,,,
1683,6524,214,,,,,6526,214,,,,
1684,6524,268,,,,,6526,268,,,,
1685,6524,223,,,,,6526,223,,,,
1686,6524,227,,,,,6526,227,,,,
1687,6523,202,,,,,6525,202,,,,
1688,6524,98,6523,104,,,6525,98,6526,104,,
1689,6522,233,,,,,6524,233,,,,
1690,6522,246,,,,,6524,246,,,,
1691,6522,240,,,,,6524,240,,,,
1692,6522,279,,,,,6524,279,,,,
1693,6523,8,6522,237,,,6524,237,,,,
1694,6522,230,,,,,6524,230,,,,
1695,6522,282,,,,,6524,282,,,,
1696,6523,234,,,,,6524,86,6525,148,,
1697,6522,201,,,,,6523,3,6524,201,,
1698,6522,263,,,,,6524,263,,,,
1699,6522,70,6521,173,,,6523,70,6524,173,,
1700,6521,193,,,,,6523,193,,,,
1701,6522,69,6521,167,,,6523,69,6524,167,,
1702,6521,226,,,,,6523,226,,,,
1703,6521,273,,,,,6523,273,,,,
1704,6521,259,,,,,6523,255,,,,
1705,6522,8,6521,262,,,6523,262,,,,
1706,6521,204,,,,,6523,204,,,,
1707,6521,66,6520,191,,,6522,66,6523,191,,
1708,6520,286,,,,,6522,286,,,,
1709,6521,73,6520,183,,,6522,265,,,,
1710,6520,218,,,,,6522,218,,,,
1711,6522,62,6521,150,,,6523,212,,,,
1712,6521,231,,,,,6522,12,6523,231,,
1713,6522,53,6521,186,,,6523,53,6524,186,,
1714,6521,265,,,,,6523,265,,,,
1715,6521,188,,,,,6523,191,,,,
1716,6521,180,,,,,6523,180,,,,
1717,6521,74,6520,120,,,6522,74,6523,120,,
1718,6521,5,6520,215,,,6522,215,,,,
1719,6520,265,,,,,6522,265,,,,
1720,6521,243,,,,,6523,243,,,,
1721,6521,201,,,,,6522,83,6523,115,,
1722,6521,230,,,,,6523,230,,,,
1723,6522,75,6521,128,,,6523,75,6524,128,,
1724,6522,77,6521,154,,,6523,77,6524,154,,
1725,6521,257,,,,,6523,257,,,,
1726,6521,225,,,,,6523,225,,,,
1727,6521,229,,,,,6523,239,,,,
1728,6521,269,,,,,6523,269,,,,
1729,6521,78,6520,198,,,6522,78,6523,198,,
1730,6520,265,,,,,6522,265,,,,
1731,6519,241,,,,,6521,241,,,,
1732,6519,219,,,,,6521,219,,,,
1733,6519,215,,,,,6520,4,6521,215,,
1734,6518,221,,,,,6520,221,,,,
1735,6518,277,,,,,6520,277,,,,
1736,6517,223,,,,,6519,223,,,,
1737,6516,191,,,,,6517,6,6518,191,,
1738,6516,84,6515,190,,,6517,74,6518,190,,
1739,6516,95,6515,166,,,6517,95,6518,166,,
1740,6514,207,,,,,6516,207,,,,
1741,6515,97,6514,172,,,6516,97,6517,172,,
1742,6516,259,,,,,6518,259,,,,
1743,6517,203,,,,,6519,203,,,,
1744,6517,88,6516,151,,,6518,88,6519,151,,
1745,6517,73,6516,151,,,6518,73,6519,151,,
1746,6516,80,6515,144,,,6517,80,6518,144,,
1747,6516,100,6515,129,,,6517,100,6518,129,,
1748,6516,84,6515,102,,,6517,186,,,,
1749,6515,268,,,,,6517,268,,,,
1750,6515,209,,,,,6517,209,,,,
1751,6515,89,6514,125,,,6516,97,6517,125,,
1752,6515,243,,,,,6517,243,,,,
1753,6516,207,,,,,6518,207,,,,
1754,6516,253,,,,,6518,253,,,,
1755,6517,51,6516,158,,,6518,51,6519,158,,
1756,6516,262,,,,,6518,262,,,,
1757,6517,88,6516,198,,,6518,88,6519,198,,
1758,6516,255,,,,,6518,255,,,,
1759,6516,166,,,,,6518,166,,,,
1760,6516,9,6515,239,,,6517,239,,,,
1761,6515,233,,,,,6517,233,,,,
1762,6516,74,6515,144,,,6517,74,6518,144,,
1763,6515,201,,,,,6517,201,,,,
1764,6515,51,6514,129,,,6516,51,6517,129,,
1765,6515,40,6514,173,,,6516,52,6517,173,,
1766,6514,268,,,,,6516,268,,,,
1767,6515,66,6514,151,,,6516,217,,,,
1768,6515,57,6514,168,,,6516,57,6517,168,,
1769,6516,262,,,,,6517,83,6518,179,,
1770,6516,86,6515,162,,,6517,86,6518,162,,
1771,6515,236,,,,,6517,236,,,,
1772,6515,261,,,,,6517,261,,,,
1773,6515,226,,,,,6517,226,,,,
1774,6515,241,,,,,6517,241,,,,
1775,6515,220,,,,,6517,220,,,,
1776,6517,6,6516,189,,,6518,189,,,,
1777,6516,209,,,,,6518,209,,,,
1778,6517,57,6516,117,,,6518,57,6519,117,,
1779,6517,260,,,,,6519,260,,,,
1780,6518,51,6517,110,,,6519,51,6520,110,,
1781,6518,81,6517,158,,,6519,81,6520,158,,
1782,6519,272,,,,,6521,272,,,,
1783,6519,85,6518,196,,,6520,281,,,,
1784,6519,90,6518,151,,,6520,90,6521,151,,
1785,6519,81,6518,179,,,6520,81,6521,179,,
1786,6519,74,6518,129,,,6520,74,6521,129,,
1787,6518,240,,,,,6520,240,,,,
1788,6518,188,,,,,6520,188,,,,
1789,6518,233,,,,,6520,233,,,,
1790,6519,208,,,,,6520,4,6521,208,,
1791,6519,83,6518,123,,,6520,83,6521,123,,
1792,6519,89,6518,154,,,6520,89,6521,154,,
1793,6518,167,,,,,6520,167,,,,
1794,6519,50,6518,185,,,6520,50,6521,185,,
1795,6519,199,,,,,6521,199,,,,
1796,6519,247,,,,,6521,247,,,,
1797,6520,100,6519,161,,,6521,100,6522,161,,
1798,6520,83,6519,137,,,6521,83,6522,137,,
1799,6519,203,,,,,6521,203,,,,
1800,6519,224,,,,,6521,224,,,,
1801,6519,272,,,,,6521,272,,,,
1802,6519,278,,,,,6521,278,,,,
1803,6519,255,,,,,6521,255,,,,
1804,6519,58,6518,145,,,6520,58,6521,145,,
1805,6519,72,6518,197,,,6520,72,6521,197,,
1806,6519,81,6518,177,,,6520,81,6521,177,,
1807,6519,96,6518,154,,,6520,96,6521,154,,
1808,6518,213,,,,,6520,213,,,,
1809,6520,214,,,,,6522,214,,,,
1810,6521,100,6520,107,,,6522,100,6523,107,,
1811,6520,242,,,,,6522,242,,,,
1812,6520,239,,,,,6521,3,6522,239,,
1813,6520,179,,,,,6522,179,,,,
1814,6520,237,,,,,6522,237,,,,
1815,6520,261,,,,,6522,261,,,,
1816,6520,192,,,,,6522,192,,,,
1817,6522,56,6521,112,,,6523,56,6524,112,,
1818,6522,248,,,,,6524,248,,,,
1819,6522,75,6521,131,,,6523,75,6524,131,,
1820,6522,191,,,,,6524,191,,,,
1821,6522,58,6521,143,,,6523,201,,,,
1822,6521,257,,,,,6523,254,,,,
1823,6521,189,,,,,6523,189,,,,
1824,6521,181,,,,,6523,181,,,,
1825,6521,187,,,,,6523,187,,,,
1826,6521,169,,,,,6523,169,,,,
1827,6522,200,,,,,6524,200,,,,
1828,6522,243,,,,,6524,243,,,,
1829,6523,76,6522,176,,,6524,252,,,,
1830,6522,232,,,,,6524,232,,,,
1831,6522,60,6521,193,,,6523,60,6524,193,,
1832,6522,242,,,,,6524,242,,,,
1833,6522,212,,,,,6524,212,,,,
1834,6522,94,6521,104,,,6523,94,6524,104,,
1835,6522,90,6521,164,,,6523,90,6524,164,,
1836,6522,173,,,,,6524,173,,,,
1837,6523,74,6522,101,,,6524,74,6525,101,,
1838,6523,266,,,,,6525,266,,,,
1839,6523,244,,,,,6525,244,,,,
1840,6523,224,,,,,6525,224,,,,
1841,6523,255,,,,,6525,255,,,,
1842,6523,197,,,,,6525,197,,,,
1843,6523,178,,,,,6525,178,,,,
1844,6524,89,6523,181,,,6525,270,,,,
1845,6524,235,,,,,6526,235,,,,
1846,6525,228,,,,,6527,228,,,,
1847,6524,202,,,,,6526,202,,,,
1848,6524,186,,,,,6526,186,,,,
1849,6524,90,6523,173,,,6525,90,6526,173,,
1850,6524,95,6523,169,,,6525,95,6526,169,,
1851,6524,67,6523,131,,,6525,67,6526,131,,
1852,6525,8,6524,171,,,6526,171,,,,
1853,6524,224,,,,,6526,224,,,,
1854,6524,210,,,,,6525,12,6526,210,,
1855,6524,237,,,,,6526,237,,,,
1856,6524,257,,,,,6526,257,,,,
1857,6524,225,,,,,6526,225,,,,
1858,6524,54,6523,130,,,6525,54,6526,130,,
1859,6524,232,,,,,6526,232,,,,
1860,6524,257,,,,,6526,257,,,,
1861,6523,228,,,,,6525,228,,,,
1862,6523,250,,,,,6525,250,,,,
1863,6523,221,,,,,6525,221,,,,
1864,6523,179,,,,,6525,179,,,,
1865,6523,227,,,,,6525,227,,,,
1866,6523,191,,,,,6525,191,,,,
1867,6523,226,,,,,6525,226,,,,
1868,6524,71,6523,123,,,6525,71,6526,123,,
1869,6524,68,6523,156,,,6525,68,6526,156,,
1870,6524,219,,,,,6526,219,,,,
1871,6524,263,,,,,6526,263,,,,
1872,6525,54,6524,195,,,6526,54,6527,195,,
1873,6526,3,6525,188,,,6527,188,,,,
1874,6525,189,,,,,6527,189,,,,
1875,6524,286,,,,,6526,286,,,,
1876,6524,86,6523,161,,,6525,86,6526,161,,
1877,6524,66,6523,177,,,6525,69,6526,177,,
1878,6524,241,,,,,6526,241,,,,
1879,6524,187,,,,,6526,187,,,,
1880,6524,183,,,,,6526,183,,,,
1881,6524,215,,,,,6526,215,,,,
1882,6524,280,,,,,6526,280,,,,
1883,6524,216,,,,,6526,216,,,,
1884,6523,190,,,,,6525,190,,,,
1885,6523,214,,,,,6525,214,,,,
1886,6523,73,6522,162,,,6524,73,6525,162,,
1887,6522,246,,,,,6523,70,6524,176,,
1888,6522,84,6521,179,,,6523,84,6524,179,,
1889,6522,201,,,,,6524,201,,,,
1890,6522,55,6521,138,,,6523,55,6524,138,,
1891,6521,167,,,,,6523,167,,,,
1892,6521,243,,,,,6523,235,,,,
1893,6521,64,6520,110,,,6522,64,6523,110,,
1894,6520,254,,,,,6522,254,,,,
1895,6520,259,,,,,6522,259,,,,
1896,6519,209,,,,,6521,209,,,,
1897,6519,285,,,,,6521,285,,,,
1898,6519,147,,,,,6521,155,,,,
1899,6519,255,,,,,6521,255,,,,
1900,6519,190,,,,,6521,190,,,,
1901,6519,196,,,,,6520,59,6521,137,,
1902,6519,71,6518,166,,,6520,71,6521,166,,
1903,6519,99,6518,116,,,6520,99,6521,116,,
1904,6518,189,,,,,6520,189,,,,
1905,6518,216,,,,,6520,216,,,,
1906,6518,283,,,,,6520,280,,,,
1907,6517,187,,,,,6519,187,,,,
1908,6518,79,6517,165,,,6519,79,6520,165,,
1909,6518,75,6517,175,,,6519,75,6520,175,,
1910,6518,85,6517,125,,,6519,85,6520,125,,
1911,6517,83,6516,146,,,6518,83,6519,146,,
1912,6517,81,6516,198,,,6518,81,6519,198,,
1913,6518,246,,,,,6520,246,,,,
1914,6518,245,,,,,6520,245,,,,
1915,6517,184,,,,,6519,184,,,,
1916,6517,275,,,,,6519,275,,,,
1917,6517,225,,,,,6519,225,,,,
1918,6517,80,6516,111,,,6518,80,6519,111,,
1919,6515,269,,,,,6517,269,,,,
1920,6516,176,,,,,6518,176,,,,
1921,6517,169,,,,,6519,169,,,,
1922,6515,198,,,,,6517,198,,,,
1923,6515,284,,,,,6517,284,,,,
1924,6515,198,,,,,6517,198,,,,
1925,6515,229,,,,,6517,229,,,,
1926,6515,208,,,,,6517,208,,,,
1927,6515,75,6514,190,,,6516,75,6517,190,,
1928,6515,76,6514,112,,,6516,76,6517,112,,
1929,6514,211,,,,,6516,211,,,,
1930,6514,278,,,,,6516,270,,,,
1931,6514,260,,,,,6516,260,,,,
1932,6514,256,,,,,6516,256,,,,
1933,6514,285,,,,,6516,285,,,,
1934,6514,232,,,,,6516,232,,,,
1935,6514,262,,,,,6516,262,,,,
1936,6514,169,,,,,6516,169,,,,
1937,6514,211,,,,,6516,211,,,,
1938,6514,230,,,,,6516,226,,,,
1939,6514,250,,,,,6516,250,,,,
1940,6514,272,,,,,6516,272,,,,
1941,6514,225,,,,,6516,225,,,,
1942,6514,194,,,,,6516,194,,,,
1943,6514,55,6513,193,,,6515,55,6516,193,,
1944,6514,78,6513,147,,,6515,78,6516,147,,
1945,6514,93,6513,149,,,6515,242,,,,
1946,6513,242,,,,,6515,242,,,,
1947,6513,249,,,,,6514,98,6515,151,,
1948,6513,198,,,,,6515,198,,,,
1949,6513,175,,,,,6515,175,,,,
1950,6513,237,,,,,6515,237,,,,
1951,6513,262,,,,,6515,262,,,,
1952,6513,222,,,,,6515,222,,,,
1953,6513,100,6512,189,,,6514,100,6515,189,,
1954,6514,72,6513,127,,,6515,72,6516,127,,
1955,6513,193,,,,,6515,193,,,,
1956,6513,227,,,,,6515,227,,,,
1957,6513,260,,,,,6515,263,,,,
1958,6513,86,6512,151,,,6514,86,6515,151,,
1959,6513,266,,,,,6515,266,,,,
1960,6513,219,,,,,6515,228,,,,
1961,6513,252,,,,,6515,252,,,,
1962,6514,79,6513,125,,,6515,79,6516,125,,
1963,6514,276,,,,,6516,276,,,,
1964,6514,188,,,,,6516,188,,,,
1965,6515,229,,,,,6517,229,,,,
1966,6515,223,,,,,6517,223,,,,
1967,6515,186,,,,,6517,186,,,,
1968,6515,277,,,,,6517,277,,,,
1969,6516,167,,,,,6518,167,,,,
1970,6516,210,,,,,6518,210,,,,
1971,6516,95,6515,132,,,6517,95,6518,132,,
1972,6516,64,6515,115,,,6517,64,6518,115,,
1973,6515,260,,,,,6517,260,,,,
1974,6515,76,6514,177,,,6516,76,6517,177,,
1975,6515,70,6514,193,,,6516,70,6517,193,,
1976,6514,208,,,,,6516,208,,,,
1977,6514,254,,,,,6516,262,,,,
1978,6514,95,6513,127,,,6515,95,6516,127,,
1979,6514,290,,,,,6516,290,,,,
1980,6515,261,,,,,6517,261,,,,
1981,6516,7,6515,214,,,6517,214,,,,
1982,6517,229,,,,,6519,229,,,,
1983,6517,65,6516,148,,,6518,65,6519,148,,
1984,6517,231,,,,,6519,231,,,,
1985,6517,239,,,,,6519,239,,,,
1986,6517,173,,,,,6519,173,,,,
1987,6516,264,,,,,6518,264,,,,
1988,6517,86,6516,187,,,6518,86,6519,187,,
1989,6517,64,6516,184,,,6518,64,6519,184,,
1990,6518,10,6517,214,,,6519,214,,,,
1991,6517,228,,,,,6519,228,,,,
1992,6517,252,,,,,6519,243,,,,
1993,6516,292,,,,,6518,292,,,,
1994,6516,174,,,,,6518,178,,,,
1995,6516,65,6515,200,,,6517,65,6518,200,,
1996,6515,156,,,,,6517,156,,,,
1997,6515,56,6514,175,,,6516,56,6517,175,,
1998,6514,183,,,,,6516,183,,,,
1999,6514,281,,,,,6516,281,,,,
2000,6514,229,,,,,6516,229,,,,
2001,6513,202,,,,,6515,202,,,,
2002,6514,64,6513,151,,,6515,59,6516,151,,
2003,6514,255,,,,,6516,255,,,,
2004,6513,78,6512,133,,,6514,78,6515,133,,
2005,6512,50,6511,197,,,6513,50,6514,197,,
2006,6511,185,,,,,6513,185,,,,
2007,6511,183,,,,,6513,183,,,,
2008,6511,235,,,,,6513,235,,,,
2009,6511,75,6510,151,,,6512,70,6513,151,,
2010,6512,78,6511,141,,,6513,78,6514,141,,
2011,6512,160,,,,,6514,160,,,,
2012,6512,188,,,,,6514,188,,,,
2013,6512,265,,,,,6514,265,,,,
2014,6513,55,6512,189,,,6514,51,6515,189,,
2015,6512,215,,,,,6514,215,,,,
2016,6512,229,,,,,6514,229,,,,
2017,6512,65,6511,189,,,6513,65,6514,189,,
2018,6512,69,6511,188,,,6513,69,6514,188,,
2019,6512,172,,,,,6514,172,,,,
2020,6512,80,6511,128,,,6513,80,6514,128,,
2021,6512,64,6511,111,,,6513,175,,,,
2022,6512,52,6511,185,,,6513,52,6514,185,,
2023,6511,223,,,,,6513,223,,,,
2024,6511,156,,,,,6513,156,,,,
2025,6511,90,6510,134,,,6512,90,6513,134,,
2026,6511,221,,,,,6513,221,,,,
2027,6511,268,,,,,6513,268,,,,
2028,6511,85,6510,117,,,6512,85,6513,117,,
2029,6513,98,6512,151,,,6514,98,6515,151,,
2030,6513,167,,,,,6515,167,,,,
2031,6513,224,,,,,6515,224,,,,
2032,6515,80,6514,189,,,6516,80,6517,189,,
2033,6516,56,6515,157,,,6517,56,6518,157,,
2034,6515,231,,,,,6517,231,,,,
2035,6514,201,,,,,6516,201,,,,
2036,6515,288,,,,,6517,288,,,,
2037,6516,57,6515,191,,,6517,57,6518,191,,
2038,6516,205,,,,,6518,205,,,,
2039,6517,199,,,,,6519,199,,,,
2040,6517,55,6516,149,,,6518,55,6519,149,,
2041,6517,178,,,,,6519,178,,,,
2042,6516,211,,,,,6518,211,,,,
2043,6515,219,,,,,6517,219,,,,
2044,6515,202,,,,,6517,202,,,,
2045,6515,196,,,,,6517,196,,,,
2046,6515,61,6514,153,,,6516,50,6517,153,,
2047,6515,246,,,,,6517,246,,,,
2048,6515,59,6514,123,,,6516,59,6517,123,,
2049,6514,216,,,,,6516,216,,,,
2050,6514,266,,,,,6516,266,,,,
2051,6515,87,6514,145,,,6516,87,6517,145,,
2052,6514,251,,,,,6515,9,6516,251,,
2053,6515,234,,,,,6517,234,,,,
2054,6515,280,,,,,6517,280,,,,
2055,6515,246,,,,,6517,246,,,,
2056,6516,81,6515,162,,,6517,81,6518,162,,
2057,6516,245,,,,,6517,53,6518,192,,
2058,6516,57,6515,156,,,6517,57,6518,156,,
2059,6516,235,,,,,6518,235,,,,
2060,6517,82,6516,141,,,6518,82,6519,141,,
2061,6516,214,,,,,6518,214,,,,
2062,6516,200,,,,,6518,200,,,,
2063,6516,241,,,,,6517,10,6518,241,,
2064,6516,206,,,,,6518,206,,,,
2065,6516,238,,,,,6518,238,,,,
2066,6516,242,,,,,6517,8,6518,242,,
2067,6516,194,,,,,6518,194,,,,
2068,6516,208,,,,,6518,208,,,,
2069,6516,167,,,,,6518,167,,,,
2070,6516,9,6515,218,,,6517,218,,,,
2071,6516,271,,,,,6518,271,,,,
2072,6516,256,,,,,6518,256,,,,
2073,6516,151,,,,,6518,151,,,,
2074,6517,88,6516,197,,,6518,88,6519,197,,
2075,6517,194,,,,,6519,194,,,,
2076,6517,57,6516,100,,,6518,57,6519,100,,
2077,6518,8,6517,197,,,6519,197,,,,
2078,6517,77,6516,110,,,6518,77,6519,110,,
2079,6517,89,6516,190,,,6518,89,6519,190,,
2080,6519,270,,,,,6520,99,6521,171,,
2081,6519,86,6518,181,,,6520,267,,,,
2082,6518,193,,,,,6520,193,,,,
2083,6518,69,6517,181,,,6519,69,6520,181,,
2084,6518,79,6517,166,,,6519,79,6520,166,,
2085,6518,85,6517,189,,,6519,85,6520,189,,
2086,6518,251,,,,,6520,251,,,,
2087,6518,256,,,,,6520,256,,,,
2088,6518,268,,,,,6520,268,,,,
2089,6519,96,6518,139,,,6520,96,6521,139,,
2090,6519,173,,,,,6521,173,,,,
2091,6519,191,,,,,6521,191,,,,
2092,6519,229,,,,,6521,229,,,,
2093,6519,54,6518,194,,,6520,54,6521,194,,
2094,6518,219,,,,,6520,219,,,,
2095,6518,270,,,,,6520,270,,,,
2096,6518,249,,,,,6520,249,,,,
2097,6519,62,6518,138,,,6520,62,6521,138,,
2098,6518,197,,,,,6519,4,6520,197,,
2099,6518,213,,,,,6520,213,,,,
2100,6518,226,,,,,6520,226,,,,
2101,6518,254,,,,,6520,254,,,,
2102,6518,266,,,,,6520,266,,,,
2103,6519,204,,,,,6521,204,,,,
2104,6519,186,,,,,6521,186,,,,
2105,6520,52,6519,160,,,6521,52,6522,160,,
2106,6519,221,,,,,6521,221,,,,
2107,6519,207,,,,,6521,207,,,,
2108,6519,202,,,,,6521,202,,,,
2109,6519,193,,,,,6521,193,,,,
2110,6519,233,,,,,6521,233,,,,
2111,6520,63,6519,137,,,6521,55,6522,137,,
2112,6520,99,6519,104,,,6521,99,6522,104,,
2113,6519,253,,,,,6521,253,,,,
2114,6519,237,,,,,6521,237,,,,
2115,6519,244,,,,,6521,244,,,,
2116,6519,207,,,,,6521,207,,,,
2117,6519,199,,,,,6521,199,,,,
2118,6519,209,,,,,6521,209,,,,
2119,6519,216,,,,,6521,216,,,,
2120,6519,245,,,,,6521,245,,,,
2121,6518,219,,,,,6520,219,,,,
2122,6518,198,,,,,6520,198,,,,
2123,6518,191,,,,,6520,191,,,,
2124,6518,238,,,,,6519,8,6520,238,,
2125,6518,87,6517,128,,,6519,87,6520,128,,
2126,6518,238,,,,,6520,243,,,,
2127,6518,212,,,,,6520,212,,,,
2128,6518,237,,,,,6520,237,,,,
2129,6519,80,6518,176,,,6520,80,6521,176,,
2130,6517,220,,,,,6519,220,,,,
2131,6518,191,,,,,6520,191,,,,
2132,6518,235,,,,,6520,235,,,,
2133,6518,200,,,,,6520,200,,,,
2134,6518,162,,,,,6520,162,,,,
2135,6518,70,6517,172,,,6519,70,6520,172,,
2136,6517,189,,,,,6519,189,,,,
2137,6518,223,,,,,6519,92,6520,131,,
2138,6518,62,6517,141,,,6519,62,6520,141,,
2139,6518,77,6517,104,,,6519,77,6520,104,,
2140,6517,177,,,,,6519,177,,,,
2141,6518,60,6517,198,,,6519,60,6520,198,,
2142,6517,228,,,,,6519,228,,,,
2143,6517,161,,,,,6519,161,,,,
2144,6518,247,,,,,6520,247,,,,
2145,6518,69,6517,170,,,6519,69,6520,170,,
2146,6517,232,,,,,6519,232,,,,
2147,6517,195,,,,,6519,195,,,,
2148,6517,215,,,,,6519,215,,,,
2149,6517,203,,,,,6519,203,,,,
2150,6517,286,,,,,6519,286,,,,
2151,6517,235,,,,,6519,235,,,,
2152,6517,277,,,,,6519,277,,,,
2153,6517,268,,,,,6519,268,,,,
2154,6517,248,,,,,6519,248,,,,
2155,6517,228,,,,,6519,228,,,,
2156,6516,164,,,,,6518,164,,,,
2157,6516,97,6515,198,,,6517,100,6518,198,,
2158,6516,206,,,,,6518,206,,,,
2159,6517,81,6516,199,,,6518,81,6519,199,,
2160,6517,220,,,,,6519,220,,,,
2161,6517,72,6516,152,,,6518,72,6519,152,,
2162,6517,223,,,,,6519,223,,,,
2163,6517,239,,,,,6518,80,6519,159,,
2164,6517,184,,,,,6518,60,6519,124,,
2165,6517,273,,,,,6519,273,,,,
2166,6517,257,,,,,6519,257,,,,
2167,6517,86,6516,195,,,6518,86,6519,195,,
2168,6517,210,,,,,6519,210,,,,
2169,6517,262,,,,,6519,262,,,,
2170,6517,188,,,,,6519,188,,,,
2171,6517,90,6516,152,,,6518,90,6519,152,,
2172,6518,56,6517,196,,,6519,56,6520,196,,
2173,6518,177,,,,,6520,177,,,,
2174,6520,236,,,,,6522,236,,,,
2175,6520,170,,,,,6522,170,,,,
2176,6521,247,,,,,6523,247,,,,
2177,6522,74,6521,126,,,6523,74,6524,126,,
2178,6522,190,,,,,6524,190,,,,
2179,6522,250,,,,,6524,250,,,,
2180,6522,212,,,,,6524,212,,,,
2181,6522,249,,,,,6524,249,,,,
2182,6523,84,6522,171,,,6524,84,6525,171,,
2183,6523,58,6522,166,,,6524,224,,,,
2184,6521,254,,,,,6523,254,,,,
2185,6521,247,,,,,6523,247,,,,
2186,6522,60,6521,175,,,6523,56,6524,175,,
2187,6522,61,6521,168,,,6523,61,6524,168,,
2188,6522,92,6521,114,,,6523,92,6524,114,,
2189,6522,75,6521,124,,,6523,75,6524,124,,
2190,6521,229,,,,,6523,229,,,,
2191,6522,71,6521,140,,,6523,71,6524,140,,
2192,6523,10,6522,257,,,6524,257,,,,
2193,6522,208,,,,,6524,208,,,,
2194,6523,66,6522,121,,,6524,66,6525,121,,
2195,6523,226,,,,,6525,226,,,,
2196,6523,181,,,,,6525,181,,,,
2197,6523,260,,,,,6525,260,,,,
2198,6523,200,,,,,6525,200,,,,
2199,6523,207,,,,,6525,207,,,,
2200,6523,270,,,,,6525,270,,,,
2201,6524,285,,,,,6526,285,,,,
2202,6523,205,,,,,6525,205,,,,
2203,6523,165,,,,,6525,158,,,,
2204,6523,193,,,,,6525,193,,,,
2205,6523,183,,,,,6525,183,,,,
2206,6523,206,,,,,6525,206,,,,
2207,6524,264,,,,,6526,264,,,,
2208,6524,200,,,,,6526,200,,,,
2209,6524,237,,,,,6526,237,,,,
2210,6524,232,,,,,6526,232,,,,
2211,6524,250,,,,,6526,250,,,,
2212,6524,258,,,,,6526,258,,,,
2213,6525,66,6524,161,,,6526,227,,,,
2214,6525,67,6524,103,,,6526,67,6527,103,,
2215,6525,260,,,,,6527,260,,,,
2216,6524,179,,,,,6526,179,,,,
2217,6524,198,,,,,6526,198,,,,
2218,6526,86,6525,159,,,6527,86,6528,159,,
2219,6525,265,,,,,6527,265,,,,
2220,6524,195,,,,,6526,195,,,,
2221,6523,189,,,,,6525,189,,,,
2222,6523,275,,,,,6525,275,,,,
2223,6522,224,,,,,6524,224,,,,
2224,6523,249,,,,,6525,249,,,,
2225,6522,222,,,,,6524,222,,,,
2226,6523,100,6522,101,,,6524,100,6525,101,,
2227,6523,70,6522,143,,,6524,70,6525,143,,
2228,6522,190,,,,,6524,190,,,,
2229,6522,210,,,,,6524,210,,,,
2230,6522,239,,,,,6524,239,,,,
2231,6522,252,,,,,6524,252,,,,
2232,6522,214,,,,,6524,214,,,,
2233,6522,285,,,,,6524,285,,,,
2234,6523,230,,,,,6525,234,,,,
2235,6522,258,,,,,6524,258,,,,
2236,6522,177,,,,,6524,177,,,,
2237,6522,253,,,,,6523,61,6524,192,,
2238,6522,274,,,,,6524,274,,,,
2239,6522,78,6521,128,,,6523,78,6524,128,,
2240,6522,89,6521,180,,,6523,89,6524,180,,
2241,6522,100,6521,200,,,6523,100,6524,200,,
2242,6522,245,,,,,6524,233,,,,
2243,6522,179,,,,,6524,179,,,,
2244,6522,219,,,,,6523,3,6524,219,,
2245,6522,226,,,,,6524,226,,,,
2246,6522,240,,,,,6523,92,6524,148,,
2247,6522,250,,,,,6524,250,,,,
2248,6522,236,,,,,6524,236,,,,
2249,6521,184,,,,,6523,184,,,,
2250,6521,247,,,,,6523,247,,,,
2251,6521,248,,,,,6523,248,,,,
2252,6521,181,,,,,6523,181,,,,
2253,6521,65,6520,116,,,6522,65,6523,116,,
2254,6520,295,,,,,6522,295,,,,
2255,6520,258,,,,,6522,258,,,,
2256,6520,97,6519,166,,,6521,97,6522,166,,
2257,6520,216,,,,,6522,216,,,,
2258,6520,178,,,,,6522,178,,,,
2259,6520,155,,,,,6522,155,,,,
2260,6520,96,6519,118,,,6521,96,6522,118,,
2261,6520,225,,,,,6522,215,,,,
2262,6521,203,,,,,6523,203,,,,
2263,6521,238,,,,,6523,238,,,,
2264,6521,79,6520,122,,,6522,79,6523,122,,
2265,6520,250,,,,,6522,250,,,,
2266,6520,193,,,,,6522,193,,,,
2267,6520,67,6519,111,,,6521,67,6522,111,,
2268,6520,67,6519,142,,,6521,67,6522,142,,
2269,6520,99,6519,189,,,6521,99,6522,189,,
2270,6520,61,6519,179,,,6521,61,6522,179,,
2271,6520,54,6519,193,,,6521,54,6522,193,,
2272,6520,223,,,,,6522,223,,,,
2273,6520,52,6519,109,,,6521,52,6522,109,,
2274,6520,62,6519,141,,,6521,62,6522,141,,
2275,6520,231,,,,,6522,231,,,,
2276,6521,256,,,,,6523,256,,,,
2277,6521,231,,,,,6523,231,,,,
2278,6523,256,,,,,6525,256,,,,
2279,6523,276,,,,,6525,276,,,,
2280,6523,98,6522,194,,,6524,98,6525,194,,
2281,6523,54,6522,175,,,6524,54,6525,175,,
2282,6523,184,,,,,6525,184,,,,
2283,6523,241,,,,,6525,241,,,,
2284,6524,217,,,,,6526,217,,,,
2285,6524,225,,,,,6526,225,,,,
2286,6524,231,,,,,6525,85,6526,146,,
2287,6523,208,,,,,6525,208,,,,
2288,6523,237,,,,,6525,237,,,,
2289,6523,94,6522,124,,,6524,94,6525,124,,
2290,6522,220,,,,,6524,220,,,,
2291,6522,158,,,,,6524,158,,,,
2292,6522,220,,,,,6523,71,6524,149,,
2293,6522,220,,,,,6524,220,,,,
2294,6523,68,6522,121,,,6524,196,,,,
2295,6522,214,,,,,6524,214,,,,
2296,6522,213,,,,,6524,213,,,,
2297,6522,242,,,,,6524,242,,,,
2298,6522,62,6521,164,,,6523,62,6524,164,,
2299,6521,243,,,,,6523,243,,,,
2300,6521,70,6520,123,,,6522,70,6523,123,,
2301,6521,216,,,,,6523,216,,,,
2302,6521,238,,,,,6523,238,,,,
2303,6521,230,,,,,6523,230,,,,
2304,6521,209,,,,,6523,209,,,,
2305,6521,259,,,,,6523,259,,,,
2306,6521,53,6520,153,,,6522,53,6523,153,,
2307,6521,178,,,,,6523,178,,,,
2308,6521,266,,,,,6523,266,,,,
2309,6521,71,6520,184,,,6522,71,6523,184,,
2310,6521,71,6520,133,,,6522,64,6523,133,,
2311,6520,251,,,,,6522,251,,,,
2312,6519,70,6518,139,,,6520,70,6521,139,,
2313,6519,65,6518,118,,,6520,53,6521,118,,
2314,6519,262,,,,,6521,262,,,,
2315,6519,178,,,,,6521,178,,,,
2316,6519,98,6518,108,,,6520,98,6521,108,,
2317,6519,55,6518,192,,,6520,55,6521,192,,
2318,6518,284,,,,,6520,284,,,,
2319,6518,166,,,,,6520,166,,,,
2320,6518,179,,,,,6520,179,,,,
2321,6518,238,,,,,6520,238,,,,
2322,6518,200,,,,,6520,200,,,,
2323,6519,71,6518,105,,,6520,71,6521,105,,
2324,6518,236,,,,,6520,236,,,,
2325,6518,265,,,,,6520,265,,,,
2326,6519,11,6518,194,,,6520,194,,,,
2327,6518,250,,,,,6520,250,,,,
2328,6518,57,6517,114,,,6519,57,6520,114,,
2329,6517,212,,,,,6519,212,,,,
2330,6518,244,,,,,6520,244,,,,
2331,6518,233,,,,,6520,223,,,,
2332,6518,212,,,,,6520,212,,,,
2333,6518,70,6517,110,,,6519,70,6520,110,,
2334,6518,255,,,,,6520,255,,,,
2335,6519,226,,,,,6521,226,,,,
2336,6519,227,,,,,6521,227,,,,
2337,6519,166,,,,,6521,166,,,,
2338,6519,250,,,,,6521,250,,,,
2339,6519,250,,,,,6521,250,,,,
2340,6518,218,,,,,6520,218,,,,
2341,6518,200,,,,,6520,200,,,,
2342,6518,257,,,,,6520,257,,,,
2343,6518,203,,,,,6520,203,,,,
2344,6518,185,,,,,6520,185,,,,
2345,6518,265,,,,,6520,265,,,,
2346,6518,172,,,,,6520,172,,,,
2347,6518,211,,,,,6520,211,,,,
2348,6518,163,,,,,6520,163,,,,
2349,6519,52,6518,172,,,6520,52,6521,172,,
2350,6519,247,,,,,6521,247,,,,
2351,6520,63,6519,132,,,6521,63,6522,132,,
2352,6520,87,6519,107,,,6521,205,,,,
2353,6520,83,6519,144,,,6521,83,6522,144,,
2354,6519,90,6518,168,,,6520,90,6521,168,,
2355,6518,180,,,,,6520,180,,,,
2356,6518,192,,,,,6520,192,,,,
2357,6518,213,,,,,6520,213,,,,
2358,6518,246,,,,,6520,246,,,,
2359,6518,208,,,,,6520,208,,,,
2360,6518,89,6517,156,,,6519,245,,,,
2361,6518,81,6517,162,,,6519,81,6520,162,,
2362,6517,280,,,,,6519,285,,,,
2363,6517,230,,,,,6519,230,,,,
2364,6517,278,,,,,6519,278,,,,
2365,6517,232,,,,,6519,232,,,,
2366,6517,226,,,,,6519,226,,,,
2367,6517,97,6516,159,,,6518,256,,,,
2368,6517,197,,,,,6519,197,,,,
2369,6517,222,,,,,6519,222,,,,
2370,6517,271,,,,,6519,271,,,,
2371,6517,209,,,,,6519,209,,,,
2372,6517,284,,,,,6519,284,,,,
2373,6517,205,,,,,6519,205,,,,
2374,6517,259,,,,,6519,266,,,,
2375,6517,96,6516,193,,,6518,96,6519,193,,
2376,6517,80,6516,140,,,6518,80,6519,140,,
2377,6517,228,,,,,6519,228,,,,
2378,6517,71,6516,175,,,6518,71,6519,175,,
2379,6517,188,,,,,6519,188,,,,
2380,6517,207,,,,,6519,207,,,,
2381,6517,214,,,,,6519,214,,,,
2382,6517,195,,,,,6519,195,,,,
2383,6516,260,,,,,6518,260,,,,
2384,6516,192,,,,,6517,3,6518,192,,
2385,6517,74,6516,131,,,6518,205,,,,
2386,6517,63,6516,178,,,6518,63,6519,178,,
2387,6516,246,,,,,6518,246,,,,
2388,6517,223,,,,,6519,223,,,,
2389,6519,63,6518,144,,,6520,56,6521,144,,
2390,6519,94,6518,200,,,6520,294,,,,
2391,6518,256,,,,,6520,256,,,,
2392,6519,70,6518,132,,,6520,70,6521,132,,
2393,6519,100,6518,112,,,6520,100,6521,112,,
2394,6518,212,,,,,6520,212,,,,
2395,6519,62,6518,144,,,6520,62,6521,144,,
2396,6518,198,,,,,6520,198,,,,
2397,6518,219,,,,,6520,219,,,,
2398,6518,194,,,,,6520,194,,,,
2399,6518,72,6517,125,,,6519,72,6520,125,,
2400,6518,73,6517,156,,,6519,73,6520,156,,
2401,6519,248,,,,,6521,236,,,,
2402,6519,97,6518,192,,,6520,97,6521,192,,
2403,6518,206,,,,,6520,206,,,,
2404,6519,79,6518,146,,,6520,79,6521,146,,
2405,6518,208,,,,,6520,208,,,,
2406,6518,231,,,,,6520,231,,,,
2407,6518,229,,,,,6520,229,,,,
2408,6519,71,6518,183,,,6520,71,6521,183,,
2409,6519,56,6518,189,,,6520,56,6521,189,,
2410,6520,249,,,,,6522,249,,,,
2411,6520,74,6519,101,,,6521,74,6522,101,,
2412,6520,83,6519,161,,,6521,83,6522,161,,
2413,6520,75,6519,194,,,6521,75,6522,194,,
2414,6520,254,,,,,6522,254,,,,
2415,6520,52,6519,132,,,6521,52,6522,132,,
2416,6520,81,6519,174,,,6521,81,6522,174,,
2417,6520,87,6519,136,,,6521,87,6522,136,,
2418,6520,68,6519,137,,,6521,68,6522,137,,
2419,6520,283,,,,,6521,3,6522,283,,
2420,6520,266,,,,,6522,266,,,,
2421,6520,226,,,,,6522,226,,,,
2422,6521,273,,,,,6523,268,,,,
2423,6521,266,,,,,6523,266,,,,
2424,6521,191,,,,,6523,191,,,,
2425,6521,250,,,,,6523,250,,,,
2426,6521,202,,,,,6523,202,,,,
2427,6521,285,,,,,6523,285,,,,
2428,6522,5,6521,253,,,6523,253,,,,
2429,6521,176,,,,,6523,176,,,,
2430,6521,68,6520,107,,,6522,68,6523,107,,
2431,6521,209,,,,,6522,7,6523,209,,
2432,6521,255,,,,,6523,255,,,,
2433,6520,168,,,,,6522,168,,,,
2434,6520,250,,,,,6522,250,,,,
2435,6521,242,,,,,6523,242,,,,
2436,6521,163,,,,,6523,163,,,,
2437,6521,88,6520,147,,,6522,88,6523,147,,
2438,6520,174,,,,,6522,174,,,,
2439,6520,265,,,,,6522,265,,,,
2440,6520,232,,,,,6522,232,,,,
2441,6520,253,,,,,6522,253,,,,
2442,6520,204,,,,,6522,204,,,,
2443,6520,205,,,,,6522,205,,,,
2444,6520,222,,,,,6522,222,,,,
2445,6519,197,,,,,6521,197,,,,
2446,6519,66,6518,184,,,6520,66,6521,184,,
2447,6519,56,6518,143,,,6520,199,,,,
2448,6518,215,,,,,6520,215,,,,
2449,6518,238,,,,,6520,250,,,,
2450,6518,227,,,,,6520,227,,,,
2451,6518,215,,,,,6520,215,,,,
2452,6518,228,,,,,6520,228,,,,
2453,6518,172,,,,,6520,172,,,,
2454,6518,187,,,,,6520,190,,,,
2455,6518,216,,,,,6520,208,,,,
2456,6518,222,,,,,6520,222,,,,
2457,6518,185,,,,,6520,185,,,,
2458,6518,291,,,,,6520,291,,,,
2459,6519,5,6518,187,,,6520,187,,,,
2460,6518,244,,,,,6520,244,,,,
2461,6518,215,,,,,6520,215,,,,
2462,6519,12,6518,263,,,6520,263,,,,
2463,6518,213,,,,,6520,213,,,,
2464,6518,64,6517,134,,,6519,64,6520,134,,
2465,6517,246,,,,,6519,246,,,,
2466,6517,256,,,,,6519,256,,,,
2467,6517,192,,,,,6519,192,,,,
2468,6518,80,6517,198,,,6519,80,6520,198,,
2469,6518,58,6517,188,,,6519,58,6520,188,,
2470,6518,87,6517,182,,,6519,87,6520,182,,
2471,6519,99,6518,152,,,6520,251,,,,
2472,6518,264,,,,,6520,264,,,,
2473,6518,215,,,,,6519,12,6520,215,,
2474,6519,241,,,,,6521,241,,,,
2475,6519,67,6518,188,,,6520,67,6521,188,,
2476,6518,274,,,,,6520,274,,,,
2477,6519,214,,,,,6520,70,6521,144,,
2478,6519,196,,,,,6521,196,,,,
2479,6520,240,,,,,6522,240,,,,
2480,6519,226,,,,,6521,226,,,,
2481,6519,218,,,,,6521,218,,,,
2482,6519,175,,,,,6521,175,,,,
2483,6520,97,6519,156,,,6521,97,6522,156,,
2484,6520,81,6519,128,,,6521,81,6522,128,,
2485,6520,73,6519,185,,,6521,73,6522,185,,
2486,6519,250,,,,,6521,250,,,,
2487,6519,201,,,,,6521,201,,,,
2488,6520,192,,,,,6522,192,,,,
2489,6521,174,,,,,6523,174,,,,
2490,6523,93,6522,149,,,6524,93,6525,149,,
2491,6523,68,6522,177,,,6524,68,6525,177,,
2492,6523,60,6522,174,,,6524,60,6525,174,,
2493,6523,204,,,,,6525,211,,,,
2494,6523,242,,,,,6525,250,,,,
2495,6523,244,,,,,6525,244,,,,
2496,6523,280,,,,,6525,280,,,,
2497,6524,208,,,,,6526,208,,,,
2498,6524,199,,,,,6526,199,,,,
2499,6524,249,,,,,6526,249,,,,
2500,6525,231,,,,,6527,231,,,,
2501,6525,235,,,,,6527,235,,,,
2502,6526,52,6525,116,,,6527,168,,,,
2503,6525,253,,,,,6527,253,,,,
2504,6525,210,,,,,6527,210,,,,
2505,6526,86,6525,133,,,6527,86,6528,133,,
2506,6527,184,,,,,6529,184,,,,
2507,6527,206,,,,,6529,206,,,,
2508,6528,80,6527,109,,,6529,80,6530,109,,
2509,6528,212,,,,,6530,212,,,,
2510,6528,263,,,,,6530,263,,,,
2511,6528,191,,,,,6530,191,,,,
2512,6527,250,,,,,6529,250,,,,
2513,6528,84,6527,116,,,6529,84,6530,116,,
2514,6527,187,,,,,6529,187,,,,
2515,6528,90,6527,134,,,6529,224,,,,
2516,6528,286,,,,,6530,286,,,,
2517,6528,260,,,,,6530,260,,,,
2518,6528,227,,,,,6529,8,6530,227,,
2519,6529,70,6528,182,,,6530,70,6531,182,,
2520,6530,85,6529,135,,,6531,85,6532,135,,
2521,6530,214,,,,,6532,214,,,,
2522,6530,62,6529,161,,,6531,62,6532,161,,
2523,6530,67,6529,124,,,6531,67,6532,124,,
2524,6529,206,,,,,6531,206,,,,
2525,6529,282,,,,,6531,282,,,,
2526,6529,278,,,,,6531,278,,,,
2527,6529,197,,,,,6531,197,,,,
2528,6529,247,,,,,6531,247,,,,
2529,6529,161,,,,,6531,161,,,,
2530,6529,187,,,,,6531,187,,,,
2531,6529,203,,,,,6531,203,,,,
2532,6529,212,,,,,6531,212,,,,
2533,6529,226,,,,,6531,226,,,,
2534,6529,229,,,,,6531,229,,,,
2535,6529,250,,,,,6531,250,,,,
2536,6530,74,6529,134,,,6531,74,6532,134,,
2537,6529,73,6528,167,,,6530,73,6531,167,,
2538,6528,96,6527,111,,,6529,96,6530,111,,
2539,6527,248,,,,,6529,248,,,,
2540,6528,73,6527,130,,,6529,63,6530,130,,
2541,6528,242,,,,,6530,242,,,,
2542,6528,56,6527,112,,,6529,56,6530,112,,
2543,6527,81,6526,119,,,6528,81,6529,119,,
2544,6527,59,6526,166,,,6528,59,6529,166,,
2545,6527,215,,,,,6529,215,,,,
2546,6528,82,6527,196,,,6529,82,6530,196,,
2547,6528,212,,,,,6530,212,,,,
2548,6529,283,,,,,6531,283,,,,
2549,6531,64,6530,159,,,6532,64,6533,159,,
2550,6531,229,,,,,6532,50,6533,179,,
2551,6531,81,6530,157,,,6532,81,6533,157,,
2552,6531,232,,,,,6533,232,,,,
2553,6531,168,,,,,6533,168,,,,
2554,6531,256,,,,,6533,256,,,,
2555,6530,227,,,,,6532,227,,,,
2556,6531,178,,,,,6532,57,6533,121,,
2557,6531,102,6530,154,,,6532,91,6533,154,,
2558,6531,100,6530,177,,,6532,277,,,,
2559,6533,84,6532,199,,,6534,84,6535,199,,
2560,6534,92,6533,141,,,6535,99,6536,141,,
2561,6534,212,,,,,6536,212,,,,
2562,6536,201,,,,,6538,201,,,,
2563,6536,186,,,,,6538,186,,,,
2564,6536,77,6535,120,,,6537,77,6538,120,,
2565,6536,157,,,,,6538,157,,,,
2566,6537,74,6536,171,,,6538,74,6539,171,,
2567,6537,70,6536,134,,,6538,70,6539,134,,
2568,6537,72,6536,157,,,6538,72,6539,157,,
2569,6537,95,6536,195,,,6538,290,,,,
2570,6536,71,6535,161,,,6537,71,6538,161,,
2571,6536,53,6535,129,,,6537,53,6538,129,,
2572,6535,235,,,,,6536,4,6537,235,,
2573,6535,207,,,,,6537,207,,,,
2574,6535,70,6534,113,,,6536,70,6537,113,,
2575,6535,92,6534,190,,,6536,92,6537,190,,
2576,6535,225,,,,,6537,225,,,,
2577,6535,255,,,,,6537,255,,,,
2578,6535,196,,,,,6537,196,,,,
2579,6536,191,,,,,6538,191,,,,
2580,6537,76,6536,152,,,6538,76,6539,152,,
2581,6537,101,6536,122,,,6538,92,6539,122,,
2582,6537,66,6536,137,,,6538,66,6539,137,,
2583,6537,67,6536,124,,,6538,67,6539,124,,
2584,6537,239,,,,,6539,239,,,,
2585,6537,76,6536,100,,,6538,176,,,,
2586,6537,64,6536,195,,,6538,64,6539,195,,
2587,6537,74,6536,131,,,6538,74,6539,131,,
2588,6537,64,6536,182,,,6538,64,6539,182,,
2589,6537,245,,,,,6539,245,,,,
2590,6537,87,6536,126,,,6538,87,6539,126,,
2591,6537,91,6536,126,,,6538,91,6539,126,,
2592,6537,85,6536,150,,,6538,85,6539,150,,
2593,6537,74,6536,174,,,6538,74,6539,174,,
2594,6537,198,,,,,6539,198,,,,
2595,6537,213,,,,,6539,213,,,,
2596,6538,97,6537,146,,,6539,97,6540,146,,
2597,6538,240,,,,,6540,240,,,,
2598,6538,224,,,,,6540,224,,,,
2599,6538,192,,,,,6540,192,,,,
2600,6538,202,,,,,6540,202,,,,
2601,6538,94,6537,162,,,6539,94,6540,162,,
2602,6538,237,,,,,6540,237,,,,
2603,6538,172,,,,,6540,172,,,,
2604,6538,7,6537,252,,,6539,252,,,,
2605,6537,72,6536,132,,,6538,72,6539,132,,
2606,6537,57,6536,197,,,6538,57,6539,197,,
2607,6537,246,,,,,6539,246,,,,
2608,6538,69,6537,192,,,6539,69,6540,192,,
2609,6538,79,6537,139,,,6539,79,6540,139,,
2610,6538,265,,,,,6540,265,,,,
2611,6538,250,,,,,6540,250,,,,
2612,6539,212,,,,,6541,212,,,,
2613,6538,254,,,,,6540,254,,,,
2614,6538,233,,,,,6540,233,,,,
2615,6538,230,,,,,6540,230,,,,
2616,6538,252,,,,,6540,248,,,,
2617,6538,217,,,,,6540,217,,,,
2618,6538,228,,,,,6540,228,,,,
2619,6538,268,,,,,6540,268,,,,
2620,6538,222,,,,,6540,222,,,,
2621,6538,218,,,,,6540,218,,,,
2622,6538,169,,,,,6540,169,,,,
2623,6537,216,,,,,6539,216,,,,
2624,6537,282,,,,,6539,278,,,,
2625,6537,257,,,,,6539,257,,,,
2626,6537,53,6536,100,,,6538,53,6539,100,,
2627,6537,57,6536,109,,,6538,57,6539,109,,
2628,6536,245,,,,,6538,245,,,,
2629,6536,233,,,,,6538,233,,,,
2630,6537,48,6536,155,,,6538,59,6539,155,,
2631,6536,223,,,,,6537,8,6538,223,,
2632,6537,55,6536,149,,,6538,55,6539,149,,
2633,6537,70,6536,108,,,6538,70,6539,108,,
2634,6536,55,6535,168,,,6537,55,6538,168,,
2635,6536,53,6535,190,,,6537,53,6538,190,,
2636,6535,198,,,,,6537,198,,,,
2637,6536,183,,,,,6538,183,,,,
2638,6537,83,6536,129,,,6538,83,6539,129,,
2639,6537,66,6536,120,,,6538,66,6539,120,,
2640,6536,206,,,,,6538,206,,,,
2641,6536,227,,,,,6538,227,,,,
2642,6536,73,6535,122,,,6537,73,6538,122,,
2643,6534,257,,,,,6536,257,,,,
2644,6534,200,,,,,6536,200,,,,
2645,6534,83,6533,156,,,6535,83,6536,156,,
2646,6534,51,6533,145,,,6535,51,6536,145,,
2647,6533,276,,,,,6535,276,,,,
2648,6533,182,,,,,6535,182,,,,
2649,6533,240,,,,,6535,240,,,,
2650,6533,183,,,,,6535,183,,,,
2651,6533,201,,,,,6535,201,,,,
2652,6534,4,6533,229,,,6535,229,,,,
2653,6533,239,,,,,6535,250,,,,
2654,6534,54,6533,150,,,6535,54,6536,150,,
2655,6534,68,6533,138,,,6535,68,6536,138,,
2656,6534,87,6533,103,,,6535,87,6536,103,,
2657,6534,69,6533,162,,,6535,69,6536,162,,
2658,6533,210,,,,,6535,210,,,,
2659,6534,65,6533,121,,,6535,65,6536,121,,
2660,6534,61,6533,187,,,6535,61,6536,187,,
2661,6534,184,,,,,6536,184,,,,
2662,6534,90,6533,146,,,6535,90,6536,146,,
2663,6534,260,,,,,6536,260,,,,
2664,6534,188,,,,,6536,188,,,,
2665,6534,263,,,,,6536,263,,,,
2666,6535,62,6534,136,,,6536,62,6537,136,,
2667,6534,197,,,,,6536,197,,,,
2668,6534,248,,,,,6536,248,,,,
2669,6535,78,6534,139,,,6536,78,6537,139,,
2670,6535,52,6534,198,,,6536,52,6537,198,,
2671,6535,61,6534,121,,,6536,61,6537,121,,
2672,6536,69,6535,120,,,6537,69,6538,120,,
2673,6535,262,,,,,6537,262,,,,
2674,6536,202,,,,,6538,202,,,,
2675,6536,181,,,,,6538,181,,,,
2676,6536,246,,,,,6538,246,,,,
2677,6536,79,6535,144,,,6537,79,6538,144,,
2678,6536,92,6535,185,,,6537,92,6538,185,,
2679,6536,102,6535,138,,,6537,94,6538,138,,
2680,6536,183,,,,,6538,183,,,,
2681,6536,256,,,,,6538,256,,,,
2682,6536,292,,,,,6538,292,,,,
2683,6536,200,,,,,6538,200,,,,
2684,6536,195,,,,,6538,195,,,,
2685,6535,215,,,,,6537,215,,,,
2686,6535,232,,,,,6537,232,,,,
2687,6535,232,,,,,6537,235,,,,
2688,6534,187,,,,,6536,187,,,,
2689,6535,11,6534,271,,,6536,271,,,,
2690,6534,207,,,,,6536,207,,,,
2691,6534,93,6533,157,,,6535,93,6536,157,,
2692,6533,246,,,,,6535,246,,,,
2693,6533,92,6532,196,,,6534,92,6535,196,,
2694,6533,62,6532,103,,,6534,62,6535,103,,
2695,6533,88,6532,197,,,6534,88,6535,197,,
2696,6533,54,6532,119,,,6534,54,6535,119,,
2697,6533,60,6532,199,,,6534,60,6535,199,,
2698,6533,56,6532,145,,,6534,56,6535,145,,
2699,6533,104,6532,139,,,6534,97,6535,139,,
2700,6533,80,6532,191,,,6534,80,6535,191,,
2701,6532,239,,,,,6534,239,,,,
2702,6532,79,6531,156,,,6533,79,6534,156,,
2703,6532,71,6531,113,,,6533,71,6534,113,,
2704,6531,213,,,,,6533,213,,,,
2705,6531,193,,,,,6533,193,,,,
2706,6531,93,6530,168,,,6532,251,,,,
2707,6531,163,,,,,6533,163,,,,
2708,6531,188,,,,,6533,188,,,,
2709,6531,100,6530,182,,,6532,100,6533,182,,
2710,6531,178,,,,,6533,178,,,,
2711,6530,83,6529,120,,,6531,83,6532,120,,
2712,6531,92,6530,193,,,6532,92,6533,193,,
2713,6531,201,,,,,6533,201,,,,
2714,6531,211,,,,,6533,211,,,,
2715,6531,50,6530,169,,,6532,50,6533,169,,
2716,6530,74,6529,142,,,6531,74,6532,142,,
2717,6531,231,,,,,6533,231,,,,
2718,6532,63,6531,157,,,6533,220,,,,
2719,6531,158,,,,,6533,158,,,,
2720,6529,183,,,,,6531,183,,,,
2721,6530,236,,,,,6532,236,,,,
2722,6530,270,,,,,6532,270,,,,
2723,6530,88,6529,179,,,6531,97,6532,179,,
2724,6530,208,,,,,6531,83,6532,125,,
2725,6530,98,6529,165,,,6531,98,6532,165,,
2726,6531,77,6530,135,,,6532,77,6533,135,,
2727,6531,243,,,,,6533,243,,,,
2728,6531,187,,,,,6533,187,,,,
2729,6531,200,,,,,6533,204,,,,
2730,6532,240,,,,,6533,83,6534,157,,
2731,6531,276,,,,,6533,276,,,,
2732,6531,75,6530,184,,,6532,259,,,,
2733,6531,95,6530,156,,,6532,87,6533,156,,
2734,6530,244,,,,,6532,244,,,,
2735,6531,59,6530,190,,,6532,70,6533,190,,
2736,6531,254,,,,,6532,71,6533,183,,
2737,6531,213,,,,,6533,213,,,,
2738,6531,53,6530,141,,,6532,53,6533,141,,
2739,6533,226,,,,,6535,226,,,,
2740,6533,61,6532,160,,,6534,61,6535,160,,
2741,6532,296,,,,,6534,296,,,,
2742,6533,201,,,,,6535,201,,,,
2743,6535,87,6534,152,,,6536,87,6537,152,,
2744,6534,220,,,,,6536,220,,,,
2745,6535,60,6534,145,,,6536,60,6537,145,,
2746,6535,256,,,,,6537,256,,,,
2747,6536,78,6535,178,,,6537,267,,,,
2748,6536,218,,,,,6538,218,,,,
2749,6536,194,,,,,6538,194,,,,
2750,6537,64,6536,124,,,6538,64,6539,124,,
2751,6537,98,6536,126,,,6538,98,6539,126,,
2752,6537,232,,,,,6539,232,,,,
2753,6536,188,,,,,6538,188,,,,
2754,6536,252,,,,,6538,252,,,,
2755,6536,67,6535,147,,,6537,67,6538,147,,
2756,6536,85,6535,100,,,6537,85,6538,100,,
2757,6535,50,6534,164,,,6536,214,,,,
2758,6534,199,,,,,6536,199,,,,
2759,6534,284,,,,,6535,96,6536,188,,
2760,6533,227,,,,,6535,227,,,,
2761,6533,198,,,,,6535,198,,,,
2762,6534,63,6533,174,,,6535,63,6536,174,,
2763,6533,255,,,,,6535,255,,,,
2764,6533,212,,,,,6535,212,,,,
2765,6533,290,,,,,6535,290,,,,
2766,6534,71,6533,128,,,6535,71,6536,128,,
2767,6535,3,6534,228,,,6536,228,,,,
2768,6535,55,6534,194,,,6536,55,6537,194,,
2769,6534,179,,,,,6536,167,,,,
2770,6535,189,,,,,6537,189,,,,
2771,6535,76,6534,102,,,6536,76,6537,102,,
2772,6534,207,,,,,6536,207,,,,
2773,6535,86,6534,175,,,6536,86,6537,175,,
2774,6535,190,,,,,6537,190,,,,
2775,6535,63,6534,109,,,6536,63,6537,109,,
2776,6535,83,6534,182,,,6536,83,6537,182,,
2777,6534,242,,,,,6536,242,,,,
2778,6535,62,6534,148,,,6536,62,6537,148,,
2779,6534,230,,,,,6536,230,,,,
2780,6535,94,6534,181,,,6536,94,6537,181,,
2781,6535,221,,,,,6537,221,,,,
2782,6535,82,6534,166,,,6536,82,6537,166,,
2783,6535,224,,,,,6537,224,,,,
2784,6535,203,,,,,6537,203,,,,
2785,6535,165,,,,,6537,165,,,,
2786,6535,55,6534,132,,,6536,55,6537,132,,
2787,6534,284,,,,,6536,284,,,,
2788,6534,209,,,,,6536,209,,,,
2789,6534,277,,,,,6536,277,,,,
2790,6535,69,6534,198,,,6536,69,6537,198,,
2791,6535,71,6534,122,,,6536,71,6537,122,,
2792,6535,53,6534,132,,,6536,53,6537,132,,
2793,6536,76,6535,141,,,6537,76,6538,141,,
2794,6535,193,,,,,6537,196,,,,
2795,6536,95,6535,131,,,6537,95,6538,131,,
2796,6535,246,,,,,6537,246,,,,
2797,6535,257,,,,,6537,257,,,,
2798,6535,237,,,,,6537,237,,,,
2799,6535,203,,,,,6537,203,,,,
2800,6535,260,,,,,6537,260,,,,
2801,6534,186,,,,,6536,186,,,,
2802,6534,261,,,,,6536,261,,,,
2803,6534,249,,,,,6536,249,,,,
2804,6534,222,,,,,6536,222,,,,
2805,6534,243,,,,,6536,243,,,,
2806,6533,206,,,,,6535,206,,,,
2807,6533,223,,,,,6535,223,,,,
2808,6532,276,,,,,6534,265,,,,
2809,6532,210,,,,,6534,210,,,,
2810,6532,215,,,,,6534,215,,,,
2811,6532,283,,,,,6534,283,,,,
2812,6532,60,6531,157,,,6533,60,6534,157,,
2813,6532,63,6531,163,,,6533,63,6534,163,,
2814,6531,209,,,,,6533,209,,,,
2815,6531,218,,,,,6533,218,,,,
2816,6531,271,,,,,6533,271,,,,
2817,6531,286,,,,,6532,93,6533,193,,
2818,6531,93,6530,104,,,6532,93,6533,104,,
2819,6531,64,6530,174,,,6532,64,6533,174,,
2820,6531,79,6530,142,,,6532,79,6533,142,,
2821,6531,256,,,,,6533,256,,,,
2822,6531,258,,,,,6533,258,,,,
2823,6531,70,6530,135,,,6532,70,6533,135,,
2824,6531,75,6530,184,,,6532,75,6533,184,,
2825,6531,57,6530,107,,,6532,57,6533,107,,
2826,6531,59,6530,167,,,6532,59,6533,167,,
2827,6530,213,,,,,6532,213,,,,
2828,6531,247,,,,,6533,247,,,,
2829,6531,218,,,,,6533,218,,,,
2830,6531,185,,,,,6533,185,,,,
2831,6531,205,,,,,6533,205,,,,
2832,6531,186,,,,,6533,186,,,,
2833,6531,234,,,,,6533,234,,,,
2834,6531,100,6530,162,,,6532,100,6533,162,,
2835,6531,264,,,,,6533,264,,,,
2836,6531,177,,,,,6533,177,,,,
2837,6531,192,,,,,6533,192,,,,
2838,6531,201,,,,,6533,201,,,,
2839,6531,173,,,,,6533,173,,,,
2840,6532,74,6531,105,,,6533,74,6534,105,,
2841,6531,163,,,,,6533,163,,,,
2842,6531,218,,,,,6533,218,,,,
2843,6531,205,,,,,6533,205,,,,
2844,6531,244,,,,,6533,244,,,,
2845,6531,172,,,,,6533,167,,,,
2846,6531,60,6530,191,,,6532,53,6533,191,,
2847,6530,225,,,,,6532,213,,,,
2848,6530,72,6529,146,,,6531,72,6532,146,,
2849,6529,204,,,,,6531,204,,,,
2850,6530,11,6529,269,,,6531,269,,,,
2851,6529,192,,,,,6531,192,,,,
2852,6529,50,6528,161,,,6530,50,6531,161,,
2853,6528,253,,,,,6530,253,,,,
2854,6528,235,,,,,6529,8,6530,235,,
2855,6528,200,,,,,6530,200,,,,
2856,6529,293,,,,,6531,293,,,,
2857,6529,153,,,,,6531,153,,,,
2858,6529,64,6528,182,,,6530,64,6531,182,,
2859,6529,213,,,,,6531,213,,,,
2860,6528,256,,,,,6530,256,,,,
2861,6529,74,6528,175,,,6530,249,,,,
2862,6528,300,,,,,6530,300,,,,
2863,6528,61,6527,129,,,6529,61,6530,129,,
2864,6528,82,6527,168,,,6529,72,6530,168,,
2865,6528,48,6527,163,,,6529,52,6530,163,,
2866,6527,189,,,,,6529,197,,,,
2867,6527,72,6526,182,,,6528,72,6529,182,,
