timestamp,bid_price_1,bid_volume_1,bid_price_2,bid_volume_2,bid_price_3,bid_volume_3,ask_price_1,ask_volume_1,ask_price_2,ask_volume_2,ask_price_3,ask_volume_3
0,9998,1,9995,30,,,10005,30,,,,
1,9996,1,9995,30,,,10002,6,10004,1,10005,30
2,9996,1,9995,21,,,10004,1,10005,21,,
3,9996,2,9995,23,,,9998,3,10004,2,10005,23
4,9998,5,9996,2,9995,23,10004,2,10005,23,,
5,10002,1,9996,2,9995,22,10004,2,10005,22,,
6,9996,2,9995,24,,,10002,9,10004,2,10005,24
7,9998,7,9995,27,,,10005,27,,,,
8,9995,26,,,,,10005,26,,,,
9,9996,2,9995,27,,,10004,2,10005,27,,
10,9996,2,9995,26,,,10004,2,10005,26,,
11,9996,2,9995,23,,,10004,2,10005,23,,
12,9998,9,9996,2,9995,28,10004,2,10005,28,,
13,9996,1,9995,27,,,10004,1,10005,27,,
14,9996,2,9995,24,,,10004,2,10005,24,,
15,10002,1,9996,2,9995,20,10004,2,10005,20,,
16,9996,1,9995,22,,,10004,1,10005,22,,
17,9995,27,,,,,10005,27,,,,
18,9996,2,9995,25,,,10004,2,10005,25,,
19,9996,2,9995,29,,,10004,2,10005,29,,
20,9996,1,9995,25,,,10002,7,10004,1,10005,25
21,9995,23,,,,,10005,23,,,,
22,9996,2,9995,30,,,10004,2,10005,30,,
23,9996,2,9995,22,,,10004,2,10005,22,,
24,9998,4,9996,2,9995,23,10004,2,10005,23,,
25,9996,1,9995,20,,,10004,1,10005,20,,
26,9995,25,,,,,10005,25,,,,
27,9998,4,9996,1,9995,24,10004,1,10005,24,,
28,9998,5,9995,29,,,10005,29,,,,
29,10002,10,9996,2,9995,23,10004,2,10005,23,,
30,9996,2,9995,29,,,10004,2,10005,29,,
31,9996,2,9995,26,,,10004,2,10005,26,,
32,9996,2,9995,30,,,10002,6,10004,2,10005,30
33,9996,2,9995,26,,,10004,2,10005,26,,
34,9996,2,9995,27,,,10004,2,10005,27,,
35,9996,2,9995,28,,,10002,9,10004,2,10005,28
36,9995,21,,,,,9998,1,10005,21,,
37,9996,2,9995,29,,,10000,5,10002,7,10004,2
38,10002,1,9996,1,9995,29,10004,1,10005,29,,
39,9998,1,9995,25,,,10005,25,,,,
40,10002,9,9996,2,9995,27,10004,2,10005,27,,
41,9996,1,9995,23,,,10004,1,10005,23,,
42,9996,2,9995,26,,,10004,2,10005,26,,
43,9996,2,9995,29,,,10004,2,10005,29,,
44,9996,1,9995,26,,,9998,1,10004,1,10005,26
45,9995,27,,,,,10005,27,,,,
46,9996,1,9995,21,,,10004,1,10005,21,,
47,9998,4,9996,1,9995,26,10004,1,10005,26,,
48,10002,3,9996,1,9995,24,10004,1,10005,24,,
49,9995,22,,,,,9998,4,10005,22,,
50,9998,3,9996,1,9995,22,10004,1,10005,22,,
51,10002,1,9998,9,9995,25,10005,25,,,,
52,9996,2,9995,22,,,10004,2,10005,22,,
53,9995,25,,,,,10005,25,,,,
54,9995,27,,,,,10000,6,10002,8,10005,27
55,9996,1,9995,29,,,10004,1,10005,29,,
56,10002,1,9998,8,9996,1,10004,1,10005,26,,
57,9998,4,9996,2,9995,23,10004,2,10005,23,,
58,10002,1,9998,10,9995,24,10005,24,,,,
59,10000,5,9996,1,9995,20,10004,1,10005,20,,
60,9996,2,9995,22,,,9998,4,10004,2,10005,22
61,9996,1,9995,24,,,10000,5,10002,2,10004,1
62,9996,1,9995,29,,,10004,1,10005,29,,
63,9995,25,,,,,10005,25,,,,
64,10000,4,9995,23,,,10005,23,,,,
65,9995,20,,,,,10005,20,,,,
66,9996,1,9995,26,,,10004,1,10005,26,,
67,10002,4,9996,2,9995,26,10004,2,10005,26,,
68,9998,1,9996,1,9995,23,10004,1,10005,23,,
69,9995,28,,,,,10005,28,,,,
70,10000,6,9998,7,9996,2,10004,2,10005,27,,
71,9996,1,9995,29,,,10004,1,10005,29,,
72,9996,2,9995,21,,,10004,2,10005,21,,
73,9996,2,9995,23,,,10002,4,10004,2,10005,23
74,10002,1,9996,2,9995,28,10004,2,10005,28,,
75,9995,29,,,,,10005,29,,,,
76,9996,2,9995,24,,,10004,2,10005,24,,
77,9995,28,,,,,10005,28,,,,
78,9996,1,9995,22,,,10004,1,10005,22,,
79,9996,1,9995,25,,,10002,4,10004,1,10005,25
80,9996,1,9995,22,,,10004,1,10005,22,,
81,9995,22,,,,,10005,22,,,,
82,9995,20,,,,,9998,1,10002,2,10005,20
83,10002,1,9998,6,9996,1,10004,1,10005,26,,
84,9995,26,,,,,10005,26,,,,
85,9995,30,,,,,10005,30,,,,
86,9996,1,9995,22,,,10004,1,10005,22,,
87,9996,1,9995,29,,,10004,1,10005,29,,
88,9995,23,,,,,9998,12,10005,23,,
89,10002,5,9996,1,9995,26,10004,1,10005,26,,
90,9995,23,,,,,10002,7,10005,23,,
91,9996,1,9995,30,,,10004,1,10005,30,,
92,9995,24,,,,,10002,3,10005,24,,
93,9995,23,,,,,10005,23,,,,
94,9996,2,9995,22,,,10004,2,10005,22,,
95,9998,9,9996,1,9995,28,10004,1,10005,28,,
96,9995,20,,,,,10005,20,,,,
97,9998,3,9995,25,,,10005,25,,,,
98,9995,21,,,,,10002,5,10005,21,,
99,9995,22,,,,,10005,22,,,,
100,9998,8,9996,2,9995,29,10004,2,10005,29,,
101,9995,22,,,,,10005,22,,,,
102,9996,2,9995,23,,,10004,2,10005,23,,
103,9996,2,9995,20,,,10004,2,10005,20,,
104,9995,30,,,,,10005,30,,,,
105,9998,4,9996,1,9995,27,10004,1,10005,27,,
106,9995,23,,,,,9998,2,10002,6,10005,23
107,9998,1,9995,23,,,10005,23,,,,
108,10002,1,9998,4,9995,23,10005,23,,,,
109,9996,1,9995,29,,,10004,1,10005,29,,
110,9996,1,9995,29,,,10004,1,10005,29,,
111,9996,2,9995,29,,,10002,4,10004,2,10005,29
112,10002,1,9996,1,9995,28,10004,1,10005,28,,
113,9996,1,9995,26,,,10004,1,10005,26,,
114,9998,2,9996,1,9995,23,10004,1,10005,23,,
115,9998,1,9996,1,9995,28,10004,1,10005,28,,
116,9995,26,,,,,10005,26,,,,
117,9996,1,9995,21,,,10004,1,10005,21,,
118,9995,21,,,,,10005,21,,,,
119,9995,25,,,,,10005,25,,,,
120,9995,25,,,,,10005,25,,,,
121,9996,2,9995,20,,,10002,3,10004,2,10005,20
122,9998,10,9996,2,9995,26,10004,2,10005,26,,
123,9996,1,9995,23,,,10000,5,10004,1,10005,23
124,9996,1,9995,29,,,10004,1,10005,29,,
125,10002,5,9996,2,9995,29,10004,2,10005,29,,
126,9998,5,9996,1,9995,30,10004,1,10005,30,,
127,9996,2,9995,29,,,10004,2,10005,29,,
128,9996,1,9995,30,,,10002,3,10004,1,10005,30
129,9995,24,,,,,10005,24,,,,
130,9995,27,,,,,10005,27,,,,
131,9996,2,9995,28,,,10004,2,10005,28,,
132,9995,28,,,,,10005,28,,,,
133,9996,2,9995,26,,,10004,2,10005,26,,
134,10002,1,9996,1,9995,25,10004,1,10005,25,,
135,9996,1,9995,29,,,10002,9,10004,1,10005,29
136,9996,2,9995,23,,,10004,2,10005,23,,
137,10000,2,9996,2,9995,28,10002,7,10004,2,10005,28
138,9996,1,9995,24,,,10004,1,10005,24,,
139,9995,20,,,,,10002,2,10005,20,,
140,9996,1,9995,26,,,10004,1,10005,26,,
141,10000,3,9996,2,9995,22,10004,2,10005,22,,
142,9996,2,9995,22,,,10004,2,10005,22,,
143,9996,2,9995,28,,,10004,2,10005,28,,
144,9998,9,9996,1,9995,22,10004,1,10005,22,,
145,9996,1,9995,22,,,10000,2,10004,1,10005,22
146,9995,21,,,,,10002,3,10005,21,,
147,9998,5,9996,2,9995,24,10004,2,10005,24,,
148,9996,2,9995,21,,,10004,2,10005,21,,
149,9996,2,9995,28,,,10002,8,10004,2,10005,28
150,9996,1,9995,22,,,10004,1,10005,22,,
151,10002,1,9996,1,9995,25,10004,1,10005,25,,
152,9998,3,9996,2,9995,23,10000,4,10004,2,10005,23
153,9998,3,9996,2,9995,22,10004,2,10005,22,,
154,9996,2,9995,24,,,10002,4,10004,2,10005,24
155,9998,5,9995,20,,,10005,20,,,,
156,9996,1,9995,23,,,10004,1,10005,23,,
157,9996,2,9995,20,,,10004,2,10005,20,,
158,9998,5,9996,2,9995,24,10004,2,10005,24,,
159,9998,10,9995,27,,,10005,27,,,,
160,9996,2,9995,25,,,10002,7,10004,2,10005,25
161,9998,4,9995,29,,,10005,29,,,,
162,9995,21,,,,,10005,21,,,,
163,9996,2,9995,29,,,10002,2,10004,2,10005,29
164,9996,2,9995,22,,,9998,1,10004,2,10005,22
165,9996,2,9995,25,,,10004,2,10005,25,,
166,9996,2,9995,23,,,10004,2,10005,23,,
167,10002,3,9996,1,9995,23,10004,1,10005,23,,
168,9996,2,9995,30,,,10002,5,10004,2,10005,30
169,9996,1,9995,23,,,10004,1,10005,23,,
170,9995,23,,,,,10005,23,,,,
171,9998,6,9996,1,9995,30,10004,1,10005,30,,
172,9998,6,9996,2,9995,24,10004,2,10005,24,,
173,9995,28,,,,,9998,1,10002,3,10005,28
174,9996,1,9995,24,,,10004,1,10005,24,,
175,9996,1,9995,23,,,10004,1,10005,23,,
176,9995,27,,,,,10005,27,,,,
177,9996,1,9995,23,,,10004,1,10005,23,,
178,9995,23,,,,,10005,23,,,,
179,9998,8,9996,1,9995,29,10004,1,10005,29,,
180,9998,7,9996,2,9995,26,10004,2,10005,26,,
181,9995,21,,,,,10005,21,,,,
182,9996,1,9995,23,,,10004,1,10005,23,,
183,9996,2,9995,27,,,10004,2,10005,27,,
184,9996,1,9995,29,,,10004,1,10005,29,,
185,9998,3,9996,2,9995,30,10004,2,10005,30,,
186,9996,1,9995,30,,,10002,9,10004,1,10005,30
187,10002,9,9996,2,9995,25,10004,2,10005,25,,
188,9996,2,9995,22,,,10004,2,10005,22,,
189,9996,1,9995,27,,,10004,1,10005,27,,
190,9995,25,,,,,10002,7,10005,25,,
191,9996,1,9995,28,,,10000,5,10004,1,10005,28
192,9996,1,9995,28,,,10002,7,10004,1,10005,28
193,9996,2,9995,30,,,10004,2,10005,30,,
194,9996,1,9995,20,,,10002,3,10004,1,10005,20
195,9996,2,9995,20,,,10004,2,10005,20,,
196,9996,2,9995,29,,,10004,2,10005,29,,
197,9996,1,9995,24,,,10002,2,10004,1,10005,24
198,10002,4,9995,20,,,10005,20,,,,
199,9996,1,9995,27,,,10004,1,10005,27,,
200,9996,1,9995,28,,,10002,4,10004,1,10005,28
201,9998,9,9996,2,9995,29,10004,2,10005,29,,
202,9995,29,,,,,10005,29,,,,
203,9996,2,9995,21,,,10004,2,10005,21,,
204,9995,24,,,,,10005,24,,,,
205,9995,30,,,,,10005,30,,,,
206,9996,2,9995,21,,,10004,2,10005,21,,
207,9996,1,9995,30,,,10002,6,10004,1,10005,30
208,9996,2,9995,23,,,10004,2,10005,23,,
209,9996,1,9995,23,,,10004,1,10005,23,,
210,9995,27,,,,,10005,27,,,,
211,9998,1,9996,2,9995,28,10004,2,10005,28,,
212,9995,23,,,,,10005,23,,,,
213,9995,29,,,,,10005,29,,,,
214,9995,30,,,,,10005,30,,,,
215,9996,2,9995,22,,,10004,2,10005,22,,
216,10002,1,9995,29,,,10005,29,,,,
217,9996,1,9995,30,,,10002,10,10004,1,10005,30
218,9998,6,9996,1,9995,28,10004,1,10005,28,,
219,9996,2,9995,28,,,10004,2,10005,28,,
220,9996,1,9995,23,,,10000,2,10004,1,10005,23
221,9996,2,9995,23,,,10004,2,10005,23,,
222,9996,1,9995,27,,,10002,4,10004,1,10005,27
223,9996,1,9995,29,,,10004,1,10005,29,,
224,10002,2,9996,2,9995,24,10004,2,10005,24,,
225,10002,6,9995,27,,,10005,27,,,,
226,9996,1,9995,26,,,10002,9,10004,1,10005,26
227,9995,28,,,,,10005,28,,,,
228,9996,1,9995,29,,,9998,3,10004,1,10005,29
229,9996,2,9995,24,,,9998,1,10004,2,10005,24
230,9998,3,9996,2,9995,24,10004,2,10005,24,,
231,9996,1,9995,23,,,10002,10,10004,1,10005,23
232,9995,26,,,,,9998,1,10002,10,10005,26
233,9995,22,,,,,10005,22,,,,
234,9998,6,9995,21,,,10005,21,,,,
235,9996,2,9995,26,,,10004,2,10005,26,,
236,9995,21,,,,,10002,6,10005,21,,
237,9995,24,,,,,10005,24,,,,
238,9996,2,9995,21,,,10004,2,10005,21,,
239,9995,20,,,,,10005,20,,,,
240,9996,1,9995,22,,,10002,6,10004,1,10005,22
241,9996,2,9995,24,,,10004,2,10005,24,,
242,9998,4,9996,2,9995,25,10004,2,10005,25,,
243,10002,6,9996,2,9995,21,10004,2,10005,21,,
244,9995,25,,,,,10005,25,,,,
245,9995,21,,,,,9998,2,10002,7,10005,21
246,9996,1,9995,26,,,10004,1,10005,26,,
247,9996,2,9995,20,,,10004,2,10005,20,,
248,9996,2,9995,26,,,10004,2,10005,26,,
249,9998,5,9996,2,9995,28,10004,2,10005,28,,
250,9996,1,9995,26,,,10002,1,10004,1,10005,26
251,9995,23,,,,,10005,23,,,,
252,9996,2,9995,24,,,10004,2,10005,24,,
253,9996,2,9995,24,,,10002,1,10004,2,10005,24
254,9998,2,9996,2,9995,30,10004,2,10005,30,,
255,9998,3,9996,2,9995,23,10004,2,10005,23,,
256,9996,1,9995,30,,,10004,1,10005,30,,
257,9996,1,9995,22,,,10004,1,10005,22,,
258,9996,1,9995,27,,,10004,1,10005,27,,
259,9995,28,,,,,10005,28,,,,
260,9995,24,,,,,10002,7,10005,24,,
261,9995,25,,,,,10002,7,10005,25,,
262,9996,1,9995,25,,,10004,1,10005,25,,
263,9995,24,,,,,10005,24,,,,
264,10002,3,9995,29,,,10005,29,,,,
265,9996,1,9995,23,,,10002,4,10004,1,10005,23
266,10002,3,9998,1,9996,1,10004,1,10005,21,,
267,9995,24,,,,,10000,6,10005,24,,
268,9995,24,,,,,10005,24,,,,
269,9995,27,,,,,9998,1,10002,5,10005,27
270,9996,1,9995,30,,,10002,7,10004,1,10005,30
271,9996,2,9995,22,,,10002,7,10004,2,10005,22
272,9998,2,9996,2,9995,29,10004,2,10005,29,,
273,10000,5,9996,2,9995,25,10004,2,10005,25,,
274,9996,1,9995,24,,,10004,1,10005,24,,
275,9996,2,9995,24,,,10002,10,10004,2,10005,24
276,9996,1,9995,22,,,9998,1,10004,1,10005,22
277,9996,2,9995,24,,,10004,2,10005,24,,
278,9995,28,,,,,10005,28,,,,
279,9996,1,9995,25,,,9998,4,10004,1,10005,25
280,9995,24,,,,,10002,9,10005,24,,
281,9995,22,,,,,10005,22,,,,
282,9996,1,9995,29,,,10004,1,10005,29,,
283,9996,1,9995,23,,,10002,7,10004,1,10005,23
284,9995,21,,,,,10002,9,10005,21,,
285,9996,1,9995,30,,,10004,1,10005,30,,
286,9998,7,9996,2,9995,29,10004,2,10005,29,,
287,9996,1,9995,24,,,10004,1,10005,24,,
288,9996,2,9995,20,,,10004,2,10005,20,,
289,9995,22,,,,,10005,22,,,,
290,9995,24,,,,,10005,24,,,,
291,9998,9,9996,2,9995,29,10004,2,10005,29,,
292,9995,20,,,,,10002,3,10005,20,,
293,9995,25,,,,,10005,25,,,,
294,9996,1,9995,23,,,10004,1,10005,23,,
295,10002,1,9996,2,9995,22,10004,2,10005,22,,
296,9995,20,,,,,9998,1,10005,20,,
297,9996,1,9995,26,,,10004,1,10005,26,,
298,9998,7,9996,1,9995,29,10004,1,10005,29,,
299,9998,8,9996,1,9995,26,10000,2,10004,1,10005,26
300,9996,1,9995,20,,,10002,7,10004,1,10005,20
301,9995,22,,,,,10000,5,10005,22,,
302,9996,2,9995,22,,,10004,2,10005,22,,
303,9996,2,9995,28,,,10002,7,10004,2,10005,28
304,9996,2,9995,21,,,10004,2,10005,21,,
305,9996,1,9995,28,,,10004,1,10005,28,,
306,9995,30,,,,,10005,30,,,,
307,9996,1,9995,22,,,10004,1,10005,22,,
308,9995,29,,,,,10005,29,,,,
309,9998,2,9995,23,,,10005,23,,,,
310,9995,20,,,,,10005,20,,,,
311,9996,1,9995,21,,,10004,1,10005,21,,
312,9996,2,9995,27,,,10004,2,10005,27,,
313,9995,30,,,,,10005,30,,,,
314,9996,2,9995,30,,,10004,2,10005,30,,
315,9995,23,,,,,10005,23,,,,
316,9998,2,9996,2,9995,30,10004,2,10005,30,,
317,9995,29,,,,,9998,4,10002,2,10005,29
318,9995,21,,,,,10005,21,,,,
319,9998,9,9996,2,9995,27,10004,2,10005,27,,
320,9996,1,9995,29,,,10000,3,10004,1,10005,29
321,9996,1,9995,30,,,10004,1,10005,30,,
322,9996,1,9995,25,,,10002,7,10004,1,10005,25
323,9996,1,9995,25,,,10002,6,10004,1,10005,25
324,9996,2,9995,27,,,10002,1,10004,2,10005,27
325,9996,2,9995,23,,,10004,2,10005,23,,
326,9995,30,,,,,10005,30,,,,
327,10002,1,9996,1,9995,26,10004,1,10005,26,,
328,9995,23,,,,,10005,23,,,,
329,9996,1,9995,23,,,10002,1,10004,1,10005,23
330,10002,1,9996,1,9995,27,10004,1,10005,27,,
331,9995,24,,,,,10005,24,,,,
332,9995,25,,,,,10002,9,10005,25,,
333,9996,2,9995,24,,,10002,7,10004,2,10005,24
334,9995,27,,,,,10005,27,,,,
335,9998,10,9995,25,,,10005,25,,,,
336,9995,27,,,,,10005,27,,,,
337,9998,7,9996,1,9995,22,10004,1,10005,22,,
338,10002,1,9995,26,,,10005,26,,,,
339,9995,24,,,,,10005,24,,,,
340,10002,1,9996,1,9995,24,10004,1,10005,24,,
341,9996,1,9995,26,,,10004,1,10005,26,,
342,9996,1,9995,26,,,10004,1,10005,26,,
343,9996,2,9995,20,,,10004,2,10005,20,,
344,9996,2,9995,23,,,10004,2,10005,23,,
345,9995,25,,,,,10002,2,10005,25,,
346,9995,22,,,,,10005,22,,,,
347,9995,29,,,,,9998,5,10005,29,,
348,10002,1,10000,2,9995,24,10005,24,,,,
349,9996,2,9995,22,,,10004,2,10005,22,,
350,9996,2,9995,20,,,10002,10,10004,2,10005,20
351,9996,1,9995,25,,,10004,1,10005,25,,
352,9995,24,,,,,10005,24,,,,
353,9998,9,9995,24,,,10005,24,,,,
354,9995,22,,,,,10005,22,,,,
355,10002,5,9995,25,,,10005,25,,,,
356,9998,10,9996,1,9995,26,10004,1,10005,26,,
357,10002,1,9996,1,9995,26,10004,1,10005,26,,
358,9996,2,9995,28,,,10004,2,10005,28,,
359,9996,1,9995,29,,,10002,3,10004,1,10005,29
360,9995,28,,,,,9998,1,10005,28,,
361,9995,26,,,,,9998,4,10005,26,,
362,9996,1,9995,29,,,10002,3,10004,1,10005,29
363,9995,22,,,,,9998,1,10005,22,,
364,9996,1,9995,27,,,10002,5,10004,1,10005,27
365,9996,1,9995,26,,,10002,10,10004,1,10005,26
366,10002,4,9998,1,9995,21,10005,21,,,,
367,10002,1,9995,30,,,10005,30,,,,
368,10002,1,9996,1,9995,26,10004,1,10005,26,,
369,9996,2,9995,29,,,10002,3,10004,2,10005,29
370,9998,4,9995,23,,,10005,23,,,,
371,9996,1,9995,23,,,10004,1,10005,23,,
372,9998,2,9995,22,,,10005,22,,,,
373,10002,5,9995,27,,,10005,27,,,,
374,9996,1,9995,22,,,10004,1,10005,22,,
375,10002,1,9998,2,9995,29,10005,29,,,,
376,9996,2,9995,24,,,10004,2,10005,24,,
377,9996,1,9995,28,,,10004,1,10005,28,,
378,9996,2,9995,27,,,10004,2,10005,27,,
379,9996,2,9995,27,,,10000,3,10004,2,10005,27
380,9995,25,,,,,10002,5,10005,25,,
381,9995,28,,,,,10005,28,,,,
382,9995,23,,,,,9998,2,10005,23,,
383,9996,1,9995,26,,,10004,1,10005,26,,
384,10002,1,9995,21,,,10005,21,,,,
385,10002,1,9996,2,9995,23,10004,2,10005,23,,
386,10002,5,9995,27,,,10005,27,,,,
387,9996,1,9995,29,,,10004,1,10005,29,,
388,9995,27,,,,,10005,27,,,,
389,9996,1,9995,25,,,10004,1,10005,25,,
390,9995,29,,,,,10005,29,,,,
391,9996,1,9995,29,,,10002,10,10004,1,10005,29
392,9995,24,,,,,10005,24,,,,
393,9998,3,9996,1,9995,26,10004,1,10005,26,,
394,9996,2,9995,27,,,10004,2,10005,27,,
395,9996,2,9995,20,,,10004,2,10005,20,,
396,9995,22,,,,,10005,22,,,,
397,9995,20,,,,,10005,20,,,,
398,9996,1,9995,30,,,10002,3,10004,1,10005,30
399,9998,1,9996,2,9995,30,10004,2,10005,30,,
400,9998,9,9996,1,9995,30,10004,1,10005,30,,
401,10002,1,9995,27,,,10005,27,,,,
402,9996,1,9995,22,,,10002,7,10004,1,10005,22
403,9996,1,9995,24,,,10000,4,10004,1,10005,24
404,9996,1,9995,20,,,10002,10,10004,1,10005,20
405,9995,24,,,,,10005,24,,,,
406,9996,2,9995,24,,,9998,7,10004,2,10005,24
407,9996,2,9995,24,,,10004,2,10005,24,,
408,9995,29,,,,,10005,29,,,,
409,9995,22,,,,,10005,22,,,,
410,9998,5,9995,22,,,10005,22,,,,
411,9996,1,9995,22,,,10004,1,10005,22,,
412,9996,1,9995,25,,,9998,8,10004,1,10005,25
413,9996,1,9995,20,,,10000,6,10002,2,10004,1
414,9995,23,,,,,10005,23,,,,
415,9998,5,9995,30,,,10005,30,,,,
416,9996,1,9995,27,,,9998,5,10004,1,10005,27
417,9995,20,,,,,10005,20,,,,
418,9996,2,9995,28,,,10002,3,10004,2,10005,28
419,9998,4,9996,2,9995,28,10004,2,10005,28,,
420,9996,2,9995,28,,,10004,2,10005,28,,
421,9995,24,,,,,10005,24,,,,
422,9995,26,,,,,10002,4,10005,26,,
423,10000,4,9995,24,,,10005,24,,,,
424,9996,1,9995,24,,,9998,5,10004,1,10005,24
425,9996,2,9995,22,,,10004,2,10005,22,,
426,9995,25,,,,,10002,10,10005,25,,
427,9996,2,9995,20,,,10004,2,10005,20,,
428,9995,23,,,,,10005,23,,,,
429,9995,22,,,,,10005,22,,,,
430,10002,7,9996,1,9995,24,10004,1,10005,24,,
431,9996,2,9995,23,,,10002,3,10004,2,10005,23
432,9996,1,9995,27,,,10000,1,10004,1,10005,27
433,9995,20,,,,,10005,20,,,,
434,9996,2,9995,27,,,10002,8,10004,2,10005,27
435,9996,1,9995,23,,,10002,10,10004,1,10005,23
436,9995,21,,,,,10002,1,10005,21,,
437,9996,2,9995,26,,,10004,2,10005,26,,
438,9995,25,,,,,9998,1,10005,25,,
439,9995,28,,,,,10005,28,,,,
440,10002,4,9996,1,9995,25,10004,1,10005,25,,
441,9996,2,9995,28,,,10004,2,10005,28,,
442,9998,4,9996,2,9995,20,10004,2,10005,20,,
443,9996,1,9995,24,,,10004,1,10005,24,,
444,9996,1,9995,29,,,10004,1,10005,29,,
445,9996,1,9995,26,,,10004,1,10005,26,,
446,9995,23,,,,,10005,23,,,,
447,9996,1,9995,23,,,10002,9,10004,1,10005,23
448,9996,2,9995,22,,,10002,10,10004,2,10005,22
449,9995,26,,,,,10002,6,10005,26,,
450,9996,1,9995,26,,,10004,1,10005,26,,
451,9996,2,9995,25,,,9998,1,10004,2,10005,25
452,9995,27,,,,,10005,27,,,,
453,9996,1,9995,28,,,9998,1,10004,1,10005,28
454,9996,1,9995,27,,,10004,1,10005,27,,
455,9996,1,9995,23,,,10004,1,10005,23,,
456,9996,1,9995,24,,,10004,1,10005,24,,
457,10002,4,9995,30,,,10005,30,,,,
458,9996,2,9995,24,,,10004,2,10005,24,,
459,9996,1,9995,21,,,10002,1,10004,1,10005,21
460,9996,2,9995,25,,,9998,5,10004,2,10005,25
461,9996,2,9995,25,,,10004,2,10005,25,,
462,9995,28,,,,,10005,28,,,,
463,9996,1,9995,22,,,10004,1,10005,22,,
464,9995,26,,,,,10005,26,,,,
465,9996,2,9995,23,,,10002,5,10004,2,10005,23
466,9996,2,9995,21,,,10002,2,10004,2,10005,21
467,9996,1,9995,22,,,10004,1,10005,22,,
468,9998,4,9996,1,9995,22,10004,1,10005,22,,
469,9996,2,9995,26,,,10004,2,10005,26,,
470,9995,20,,,,,10002,8,10005,20,,
471,9998,5,9995,24,,,10005,24,,,,
472,9995,29,,,,,10005,29,,,,
473,9995,24,,,,,10005,24,,,,
474,9996,2,9995,24,,,10002,5,10004,2,10005,24
475,9995,28,,,,,10005,28,,,,
476,9995,21,,,,,10005,21,,,,
477,9996,1,9995,23,,,9998,1,10004,1,10005,23
478,9995,22,,,,,9998,1,10002,8,10005,22
479,9998,1,9995,21,,,10005,21,,,,
480,9998,3,9996,2,9995,27,10004,2,10005,27,,
481,9995,29,,,,,10005,29,,,,
482,9996,1,9995,25,,,10004,1,10005,25,,
483,9995,29,,,,,10005,29,,,,
484,9995,22,,,,,10005,22,,,,
485,9995,25,,,,,10005,25,,,,
486,9996,2,9995,20,,,10002,4,10004,2,10005,20
487,10002,2,9995,21,,,10005,21,,,,
488,9998,10,9996,2,9995,29,10004,2,10005,29,,
489,9998,3,9996,1,9995,24,10004,1,10005,24,,
490,9995,29,,,,,10005,29,,,,
491,9998,3,9995,26,,,10005,26,,,,
492,9996,2,9995,23,,,10004,2,10005,23,,
493,9995,29,,,,,10005,29,,,,
494,9998,5,9996,1,9995,21,10004,1,10005,21,,
495,9995,23,,,,,10005,23,,,,
496,9995,22,,,,,10005,22,,,,
497,9996,2,9995,22,,,10002,8,10004,2,10005,22
498,9996,1,9995,21,,,9998,1,10004,1,10005,21
499,9996,2,9995,20,,,10004,2,10005,20,,
500,9996,1,9995,29,,,10004,1,10005,29,,
501,9996,2,9995,30,,,10004,2,10005,30,,
502,9998,1,9996,2,9995,23,10004,2,10005,23,,
503,9996,1,9995,25,,,10002,5,10004,1,10005,25
504,10002,4,9996,1,9995,29,10004,1,10005,29,,
505,10002,4,9996,1,9995,28,10004,1,10005,28,,
506,9996,1,9995,23,,,10004,1,10005,23,,
507,9995,25,,,,,10002,3,10005,25,,
508,9995,24,,,,,9998,1,10002,6,10005,24
509,9996,1,9995,26,,,10004,1,10005,26,,
510,9996,2,9995,22,,,10004,2,10005,22,,
511,9996,1,9995,26,,,10004,1,10005,26,,
512,9996,2,9995,30,,,10004,2,10005,30,,
513,9996,2,9995,23,,,10004,2,10005,23,,
514,9995,23,,,,,10005,23,,,,
515,9996,2,9995,20,,,10004,2,10005,20,,
516,9996,2,9995,29,,,10004,2,10005,29,,
517,9996,2,9995,30,,,10002,5,10004,2,10005,30
518,9996,2,9995,24,,,10004,2,10005,24,,
519,9996,1,9995,26,,,10002,6,10004,1,10005,26
520,10000,3,9996,1,9995,23,10004,1,10005,23,,
521,9995,30,,,,,10005,30,,,,
522,9995,28,,,,,10002,3,10005,28,,
523,9995,21,,,,,10002,3,10005,21,,
524,10000,6,9996,2,9995,22,10004,2,10005,22,,
525,9996,1,9995,30,,,10004,1,10005,30,,
526,9996,1,9995,23,,,9998,2,10004,1,10005,23
527,9995,29,,,,,9998,1,10005,29,,
528,9995,24,,,,,9998,1,10005,24,,
529,9996,1,9995,30,,,10004,1,10005,30,,
530,9995,28,,,,,10005,28,,,,
531,9996,1,9995,30,,,10004,1,10005,30,,
532,9996,1,9995,30,,,9998,1,10004,1,10005,30
533,9996,1,9995,23,,,10004,1,10005,23,,
534,9995,23,,,,,10005,23,,,,
535,9996,1,9995,25,,,10002,8,10004,1,10005,25
536,9998,2,9995,23,,,10005,23,,,,
537,9996,2,9995,25,,,10002,10,10004,2,10005,25
538,9996,2,9995,23,,,9998,13,10002,6,10004,2
539,9995,28,,,,,10005,28,,,,
540,9996,1,9995,21,,,10004,1,10005,21,,
541,9995,23,,,,,10005,23,,,,
542,9996,1,9995,20,,,10004,1,10005,20,,
543,9998,1,9995,25,,,10005,25,,,,
544,9996,2,9995,22,,,10004,2,10005,22,,
545,9995,29,,,,,10002,9,10005,29,,
546,9998,4,9996,2,9995,26,10004,2,10005,26,,
547,9998,2,9995,21,,,10005,21,,,,
548,9996,1,9995,23,,,10004,1,10005,23,,
549,9996,1,9995,28,,,10004,1,10005,28,,
550,9995,27,,,,,9998,5,10005,27,,
551,10002,9,9996,2,9995,29,10004,2,10005,29,,
552,9995,25,,,,,10005,25,,,,
553,9996,1,9995,24,,,10002,7,10004,1,10005,24
554,9996,1,9995,22,,,10004,1,10005,22,,
555,9995,26,,,,,10005,26,,,,
556,9998,7,9996,1,9995,27,10004,1,10005,27,,
557,9995,21,,,,,10002,7,10005,21,,
558,9996,2,9995,21,,,10004,2,10005,21,,
559,9995,24,,,,,9998,11,10005,24,,
560,9996,2,9995,20,,,10004,2,10005,20,,
561,9996,1,9995,29,,,10004,1,10005,29,,
562,9996,2,9995,26,,,10004,2,10005,26,,
563,9995,23,,,,,10002,8,10005,23,,
564,9998,6,9995,23,,,10005,23,,,,
565,9995,25,,,,,10005,25,,,,
566,9996,1,9995,26,,,10004,1,10005,26,,
567,9995,25,,,,,10005,25,,,,
568,9995,24,,,,,10005,24,,,,
569,9998,5,9995,20,,,10005,20,,,,
570,9995,25,,,,,10005,25,,,,
571,9996,2,9995,25,,,10004,2,10005,25,,
572,9995,26,,,,,10005,26,,,,
573,10002,1,9995,25,,,10005,25,,,,
574,9996,2,9995,26,,,10002,2,10004,2,10005,26
575,9996,1,9995,30,,,10002,1,10004,1,10005,30
576,9995,29,,,,,9998,1,10005,29,,
577,9996,2,9995,28,,,10002,2,10004,2,10005,28
578,9996,2,9995,26,,,10004,2,10005,26,,
579,10002,1,9996,2,9995,30,10004,2,10005,30,,
580,9998,7,9995,23,,,10005,23,,,,
581,9996,1,9995,23,,,10004,1,10005,23,,
582,9996,2,9995,24,,,10004,2,10005,24,,
583,9996,2,9995,21,,,9998,1,10004,2,10005,21
584,9995,21,,,,,10000,4,10005,21,,
585,9996,1,9995,29,,,9998,1,10004,1,10005,29
586,9998,2,9996,2,9995,27,10004,2,10005,27,,
587,9996,1,9995,24,,,10004,1,10005,24,,
588,9998,4,9996,2,9995,22,10004,2,10005,22,,
589,9995,22,,,,,9998,1,10005,22,,
590,9995,26,,,,,10005,26,,,,
591,9995,30,,,,,9998,2,10005,30,,
592,10000,3,9996,2,9995,29,10004,2,10005,29,,
593,9996,2,9995,28,,,9998,13,10004,2,10005,28
594,9995,28,,,,,10005,28,,,,
595,9998,1,9996,2,9995,27,10004,2,10005,27,,
596,9995,25,,,,,10005,25,,,,
597,9998,8,9996,2,9995,26,10004,2,10005,26,,
598,9995,20,,,,,10005,20,,,,
599,10002,1,9998,1,9996,2,10004,2,10005,22,,
600,9998,4,9996,2,9995,29,10004,2,10005,29,,
601,9995,25,,,,,9998,1,10005,25,,
602,10000,3,9996,1,9995,21,10004,1,10005,21,,
603,9996,2,9995,22,,,10004,2,10005,22,,
604,10000,4,9996,1,9995,24,10004,1,10005,24,,
605,9996,2,9995,20,,,10004,2,10005,20,,
606,9995,27,,,,,10002,3,10005,27,,
607,9996,2,9995,29,,,10002,8,10004,2,10005,29
608,9996,1,9995,24,,,10004,1,10005,24,,
609,9996,2,9995,23,,,10004,2,10005,23,,
610,9996,1,9995,30,,,10004,1,10005,30,,
611,9996,2,9995,30,,,10004,2,10005,30,,
612,9995,30,,,,,10005,30,,,,
613,9996,1,9995,30,,,10004,1,10005,30,,
614,10002,2,9996,2,9995,26,10004,2,10005,26,,
615,10002,6,9995,29,,,10005,29,,,,
616,9996,1,9995,25,,,10004,1,10005,25,,
617,9996,1,9995,22,,,10004,1,10005,22,,
618,9995,29,,,,,10005,29,,,,
619,9996,2,9995,23,,,9998,1,10004,2,10005,23
620,9996,1,9995,22,,,10004,1,10005,22,,
621,9996,1,9995,24,,,10004,1,10005,24,,
622,9998,9,9995,26,,,10005,26,,,,
623,9996,1,9995,21,,,10004,1,10005,21,,
624,9995,26,,,,,10005,26,,,,
625,9996,2,9995,27,,,10004,2,10005,27,,
626,9996,2,9995,29,,,10004,2,10005,29,,
627,9995,25,,,,,10002,4,10005,25,,
628,9996,1,9995,27,,,10004,1,10005,27,,
629,9996,1,9995,21,,,10004,1,10005,21,,
630,9996,2,9995,25,,,10004,2,10005,25,,
631,9995,20,,,,,10002,1,10005,20,,
632,9995,24,,,,,10005,24,,,,
633,9996,2,9995,26,,,10004,2,10005,26,,
634,9996,1,9995,30,,,10002,9,10004,1,10005,30
635,9996,2,9995,30,,,9998,1,10002,3,10004,2
636,9996,1,9995,30,,,10002,6,10004,1,10005,30
637,9998,8,9996,2,9995,22,10004,2,10005,22,,
638,9996,2,9995,26,,,10004,2,10005,26,,
639,9995,25,,,,,10002,3,10005,25,,
640,9996,1,9995,30,,,10004,1,10005,30,,
641,9995,29,,,,,10005,29,,,,
642,9996,1,9995,23,,,10002,1,10004,1,10005,23
643,9995,29,,,,,10005,29,,,,
644,9996,1,9995,25,,,10004,1,10005,25,,
645,9998,1,9996,1,9995,30,10004,1,10005,30,,
646,9996,1,9995,23,,,10004,1,10005,23,,
647,9996,2,9995,28,,,10002,1,10004,2,10005,28
648,9996,2,9995,26,,,10002,4,10004,2,10005,26
649,9995,30,,,,,10005,30,,,,
650,9995,22,,,,,10002,3,10005,22,,
651,9998,9,9996,2,9995,29,10004,2,10005,29,,
652,10002,5,9995,25,,,10005,25,,,,
653,10002,1,9998,3,9996,2,10004,2,10005,29,,
654,9996,1,9995,24,,,9998,1,10004,1,10005,24
655,9996,2,9995,25,,,10002,6,10004,2,10005,25
656,9998,8,9995,28,,,10005,28,,,,
657,9995,21,,,,,10005,21,,,,
658,9995,29,,,,,10005,29,,,,
659,9996,1,9995,26,,,10004,1,10005,26,,
660,9996,1,9995,20,,,9998,2,10004,1,10005,20
661,9995,22,,,,,10005,22,,,,
662,9995,28,,,,,10005,28,,,,
663,9995,25,,,,,9998,1,10005,25,,
664,9996,1,9995,28,,,10002,6,10004,1,10005,28
665,9996,2,9995,22,,,10004,2,10005,22,,
666,9995,25,,,,,10002,8,10005,25,,
667,9998,1,9995,30,,,10005,30,,,,
668,9996,2,9995,22,,,9998,1,10004,2,10005,22
669,9996,1,9995,28,,,10004,1,10005,28,,
670,10002,4,9996,2,9995,30,10004,2,10005,30,,
671,9996,1,9995,21,,,10002,4,10004,1,10005,21
672,9996,2,9995,28,,,10004,2,10005,28,,
673,9996,1,9995,25,,,10002,3,10004,1,10005,25
674,9996,1,9995,29,,,9998,5,10004,1,10005,29
675,9996,1,9995,28,,,10004,1,10005,28,,
676,9996,1,9995,30,,,10004,1,10005,30,,
677,10002,1,9998,2,9995,21,10005,21,,,,
678,9996,2,9995,21,,,9998,1,10004,2,10005,21
679,9996,2,9995,20,,,10002,4,10004,2,10005,20
680,9995,30,,,,,10005,30,,,,
681,9995,26,,,,,10005,26,,,,
682,9996,2,9995,24,,,10004,2,10005,24,,
683,9996,1,9995,26,,,10004,1,10005,26,,
684,9998,6,9995,28,,,10005,28,,,,
685,9998,2,9996,1,9995,23,10004,1,10005,23,,
686,9996,1,9995,30,,,10002,10,10004,1,10005,30
687,10002,1,9998,7,9996,2,10004,2,10005,27,,
688,9995,23,,,,,10005,23,,,,
689,9995,21,,,,,10005,21,,,,
690,9998,3,9996,1,9995,20,10004,1,10005,20,,
691,9995,21,,,,,10005,21,,,,
692,9996,1,9995,26,,,10002,6,10004,1,10005,26
693,9996,2,9995,22,,,10004,2,10005,22,,
694,10002,4,9996,1,9995,27,10004,1,10005,27,,
695,10002,2,9998,3,9995,27,10005,27,,,,
696,9996,1,9995,24,,,10002,4,10004,1,10005,24
697,9996,2,9995,27,,,10004,2,10005,27,,
698,9996,2,9995,26,,,10004,2,10005,26,,
699,9995,26,,,,,10005,26,,,,
700,9998,10,9996,1,9995,28,10004,1,10005,28,,
701,9995,27,,,,,10002,6,10005,27,,
702,9996,1,9995,25,,,10000,3,10004,1,10005,25
703,9995,25,,,,,10005,25,,,,
704,9996,2,9995,29,,,10002,4,10004,2,10005,29
705,9995,24,,,,,10005,24,,,,
706,9996,2,9995,27,,,10004,2,10005,27,,
707,9995,24,,,,,10002,2,10005,24,,
708,9996,2,9995,30,,,9998,1,10004,2,10005,30
709,9995,29,,,,,10005,29,,,,
710,9996,2,9995,29,,,10004,2,10005,29,,
711,9996,2,9995,20,,,10004,2,10005,20,,
712,9996,2,9995,24,,,10004,2,10005,24,,
713,9995,20,,,,,10005,20,,,,
714,9998,1,9995,30,,,10005,30,,,,
715,9996,1,9995,30,,,10004,1,10005,30,,
716,9995,22,,,,,10005,22,,,,
717,9995,28,,,,,10005,28,,,,
718,9996,2,9995,20,,,10004,2,10005,20,,
719,9996,2,9995,20,,,10004,2,10005,20,,
720,9995,29,,,,,10002,8,10005,29,,
721,9996,2,9995,26,,,10002,1,10004,2,10005,26
722,9996,1,9995,20,,,10004,1,10005,20,,
723,9996,1,9995,29,,,10004,1,10005,29,,
724,9995,24,,,,,10005,24,,,,
725,9996,2,9995,28,,,10004,2,10005,28,,
726,9996,2,9995,22,,,10004,2,10005,22,,
727,9995,29,,,,,10005,29,,,,
728,9995,30,,,,,10005,30,,,,
729,9996,1,9995,23,,,10004,1,10005,23,,
730,9996,2,9995,24,,,10004,2,10005,24,,
731,9996,2,9995,24,,,10002,5,10004,2,10005,24
732,9996,1,9995,30,,,10004,1,10005,30,,
733,9996,2,9995,22,,,10004,2,10005,22,,
734,9996,1,9995,29,,,9998,1,10002,6,10004,1
735,9995,21,,,,,9998,1,10005,21,,
736,10002,1,9995,21,,,10005,21,,,,
737,9995,20,,,,,9998,10,10005,20,,
738,10002,1,9998,6,9995,27,10005,27,,,,
739,9998,3,9996,2,9995,22,10004,2,10005,22,,
740,9995,21,,,,,10005,21,,,,
741,9998,2,9996,2,9995,24,10004,2,10005,24,,
742,9995,29,,,,,10005,29,,,,
743,9995,24,,,,,10005,24,,,,
744,9995,21,,,,,10005,21,,,,
745,9995,27,,,,,10005,27,,,,
746,9996,2,9995,27,,,10004,2,10005,27,,
747,9996,2,9995,20,,,9998,1,10004,2,10005,20
748,9996,2,9995,22,,,9998,2,10004,2,10005,22
749,9996,1,9995,21,,,9998,1,10002,3,10004,1
750,9996,2,9995,23,,,10004,2,10005,23,,
751,10002,1,10000,4,9998,5,10004,2,10005,21,,
752,9996,1,9995,28,,,10004,1,10005,28,,
753,9995,27,,,,,10005,27,,,,
754,9996,2,9995,26,,,10004,2,10005,26,,
755,9996,1,9995,23,,,10004,1,10005,23,,
756,9995,30,,,,,10002,9,10005,30,,
757,9995,20,,,,,10002,1,10005,20,,
758,9996,2,9995,29,,,10004,2,10005,29,,
759,9996,1,9995,20,,,10004,1,10005,20,,
760,10000,4,9995,21,,,10002,9,10005,21,,
761,9996,1,9995,25,,,10004,1,10005,25,,
762,9995,20,,,,,10005,20,,,,
763,9996,1,9995,21,,,9998,12,10004,1,10005,21
764,9996,2,9995,26,,,10004,2,10005,26,,
765,9996,1,9995,20,,,10004,1,10005,20,,
766,9995,30,,,,,10005,30,,,,
767,9998,1,9996,1,9995,25,10004,1,10005,25,,
768,9996,2,9995,25,,,10004,2,10005,25,,
769,9996,2,9995,21,,,10004,2,10005,21,,
770,9996,2,9995,30,,,10004,2,10005,30,,
771,9996,1,9995,29,,,10004,1,10005,29,,
772,9996,1,9995,29,,,10004,1,10005,29,,
773,9996,1,9995,23,,,10004,1,10005,23,,
774,9996,1,9995,21,,,10004,1,10005,21,,
775,9996,2,9995,26,,,9998,3,10004,2,10005,26
776,9996,1,9995,30,,,10004,1,10005,30,,
777,9998,4,9995,28,,,10005,28,,,,
778,9995,29,,,,,10005,29,,,,
779,9996,2,9995,24,,,9998,1,10004,2,10005,24
780,9998,2,9996,1,9995,27,10004,1,10005,27,,
781,10002,1,9998,4,9996,1,10004,1,10005,30,,
782,9998,8,9996,1,9995,27,10004,1,10005,27,,
783,9998,3,9995,28,,,10005,28,,,,
784,9996,2,9995,26,,,10004,2,10005,26,,
785,9995,21,,,,,10005,21,,,,
786,9996,2,9995,30,,,10004,2,10005,30,,
787,9995,21,,,,,10005,21,,,,
788,10002,8,9996,2,9995,27,10004,2,10005,27,,
789,9996,1,9995,29,,,10004,1,10005,29,,
790,9996,1,9995,23,,,10004,1,10005,23,,
791,9995,24,,,,,10005,24,,,,
792,9996,1,9995,25,,,10004,1,10005,25,,
793,9996,1,9995,22,,,10004,1,10005,22,,
794,9996,1,9995,21,,,10004,1,10005,21,,
795,9996,2,9995,26,,,10004,2,10005,26,,
796,9995,24,,,,,10005,24,,,,
797,10002,12,9998,1,9996,2,10004,2,10005,29,,
798,9996,2,9995,24,,,10004,2,10005,24,,
799,9998,5,9996,2,9995,20,10004,2,10005,20,,
800,9996,1,9995,24,,,10004,1,10005,24,,
801,9995,23,,,,,10002,5,10005,23,,
802,9996,2,9995,20,,,10004,2,10005,20,,
803,9995,23,,,,,10005,23,,,,
804,9996,1,9995,21,,,9998,1,10004,1,10005,21
805,10002,1,9996,2,9995,25,10004,2,10005,25,,
806,9995,21,,,,,9998,1,10005,21,,
807,9996,1,9995,30,,,9998,1,10004,1,10005,30
808,9998,8,9996,1,9995,29,10004,1,10005,29,,
809,9998,6,9996,2,9995,24,10004,2,10005,24,,
810,9995,22,,,,,10005,22,,,,
811,9996,2,9995,24,,,10004,2,10005,24,,
812,9996,2,9995,21,,,10004,2,10005,21,,
813,9995,29,,,,,10005,29,,,,
814,9996,1,9995,30,,,10004,1,10005,30,,
815,10002,1,9996,2,9995,28,10004,2,10005,28,,
816,9996,1,9995,24,,,10004,1,10005,24,,
817,9998,4,9995,26,,,10005,26,,,,
818,9996,2,9995,26,,,10004,2,10005,26,,
819,9996,1,9995,23,,,10004,1,10005,23,,
820,9996,1,9995,23,,,10004,1,10005,23,,
821,9998,1,9996,2,9995,22,10004,2,10005,22,,
822,9995,24,,,,,10005,24,,,,
823,9998,2,9995,30,,,10005,30,,,,
824,9998,8,9995,25,,,10005,25,,,,
825,9995,26,,,,,10005,26,,,,
826,10002,1,9996,1,9995,25,10004,1,10005,25,,
827,9996,1,9995,27,,,10004,1,10005,27,,
828,9996,2,9995,21,,,10004,2,10005,21,,
829,9996,1,9995,21,,,10002,2,10004,1,10005,21
830,9998,8,9995,23,,,10005,23,,,,
831,9995,28,,,,,9998,1,10005,28,,
832,9998,7,9995,30,,,10005,30,,,,
833,9995,30,,,,,10002,2,10005,30,,
834,10002,1,9996,1,9995,26,10004,1,10005,26,,
835,9996,2,9995,22,,,10002,7,10004,2,10005,22
836,9995,27,,,,,10005,27,,,,
837,10002,1,9995,29,,,10005,29,,,,
838,9995,24,,,,,10005,24,,,,
839,9995,25,,,,,10002,1,10005,25,,
840,9996,1,9995,21,,,10004,1,10005,21,,
841,10002,1,9996,1,9995,23,10004,1,10005,23,,
842,9996,1,9995,29,,,10002,8,10004,1,10005,29
843,9996,2,9995,24,,,10004,2,10005,24,,
844,9996,1,9995,23,,,10002,6,10004,1,10005,23
845,9996,1,9995,27,,,10002,8,10004,1,10005,27
846,9995,21,,,,,10005,21,,,,
847,9998,3,9996,2,9995,30,10004,2,10005,30,,
848,10002,1,9996,1,9995,22,10004,1,10005,22,,
849,9996,1,9995,28,,,10004,1,10005,28,,
850,9995,29,,,,,10005,29,,,,
851,9996,2,9995,20,,,10002,8,10004,2,10005,20
852,9996,2,9995,25,,,10002,9,10004,2,10005,25
853,9995,22,,,,,10002,4,10005,22,,
854,9995,29,,,,,10005,29,,,,
855,9998,7,9996,2,9995,30,10004,2,10005,30,,
856,9996,2,9995,25,,,10002,7,10004,2,10005,25
857,9996,2,9995,20,,,10004,2,10005,20,,
858,10002,1,9998,1,9996,2,10004,2,10005,20,,
859,9996,1,9995,20,,,10004,1,10005,20,,
860,9996,1,9995,20,,,10004,1,10005,20,,
861,9996,2,9995,20,,,10004,2,10005,20,,
862,9995,22,,,,,9998,2,10005,22,,
863,9998,4,9996,2,9995,21,10004,2,10005,21,,
864,9995,23,,,,,10005,23,,,,
865,9998,8,9996,2,9995,28,10004,2,10005,28,,
866,9995,27,,,,,10002,1,10005,27,,
867,9995,26,,,,,10005,26,,,,
868,9996,1,9995,20,,,9998,2,10004,1,10005,20
869,9998,7,9996,2,9995,30,10000,2,10004,2,10005,30
870,9996,2,9995,26,,,10000,5,10002,10,10004,2
871,9996,2,9995,30,,,9998,1,10000,5,10002,4
872,9995,27,,,,,10005,27,,,,
873,9996,2,9995,29,,,10004,2,10005,29,,
874,9998,4,9995,30,,,10005,30,,,,
875,9995,22,,,,,10005,22,,,,
876,9996,1,9995,25,,,10004,1,10005,25,,
877,9995,23,,,,,10005,23,,,,
878,9996,2,9995,25,,,10004,2,10005,25,,
879,9995,22,,,,,10005,22,,,,
880,9998,10,9996,2,9995,26,10004,2,10005,26,,
881,9996,1,9995,30,,,10004,1,10005,30,,
882,9995,24,,,,,10005,24,,,,
883,9996,2,9995,27,,,10004,2,10005,27,,
884,9996,1,9995,21,,,10002,9,10004,1,10005,21
885,10002,1,9996,2,9995,22,10004,2,10005,22,,
886,10002,1,9996,1,9995,21,10004,1,10005,21,,
887,9995,28,,,,,10005,28,,,,
888,9996,1,9995,29,,,10004,1,10005,29,,
889,10002,4,9996,2,9995,29,10004,2,10005,29,,
890,9996,2,9995,26,,,10004,2,10005,26,,
891,9995,24,,,,,10005,24,,,,
892,9995,25,,,,,10005,25,,,,
893,9996,2,9995,26,,,10004,2,10005,26,,
894,9996,2,9995,21,,,10004,2,10005,21,,
895,9996,2,9995,26,,,10004,2,10005,26,,
896,9998,3,9996,1,9995,25,10004,1,10005,25,,
897,9995,21,,,,,10002,5,10005,21,,
898,10000,5,9998,6,9996,1,10004,1,10005,30,,
899,9998,5,9996,2,9995,20,10004,2,10005,20,,
900,9995,29,,,,,10005,29,,,,
901,9996,1,9995,21,,,10004,1,10005,21,,
902,9998,2,9996,2,9995,22,10004,2,10005,22,,
903,9998,4,9995,28,,,10005,28,,,,
904,9996,1,9995,25,,,10004,1,10005,25,,
905,9996,2,9995,25,,,10004,2,10005,25,,
906,9995,24,,,,,10005,24,,,,
907,9996,1,9995,22,,,9998,4,10002,6,10004,1
908,9996,2,9995,25,,,10004,2,10005,25,,
909,9995,23,,,,,10002,8,10005,23,,
910,9996,2,9995,27,,,10004,2,10005,27,,
911,9996,1,9995,28,,,10004,1,10005,28,,
912,9996,2,9995,22,,,10000,2,10004,2,10005,22
913,9996,2,9995,28,,,9998,2,10004,2,10005,28
914,10002,1,9995,27,,,10005,27,,,,
915,9996,1,9995,29,,,10004,1,10005,29,,
916,9995,22,,,,,9998,1,10005,22,,
917,9996,1,9995,30,,,10004,1,10005,30,,
918,9996,1,9995,29,,,9998,3,10004,1,10005,29
919,9998,2,9995,24,,,10005,24,,,,
920,9998,7,9996,1,9995,25,10004,1,10005,25,,
921,9996,2,9995,21,,,10004,2,10005,21,,
922,9996,2,9995,24,,,10004,2,10005,24,,
923,10002,1,9995,27,,,10005,27,,,,
924,9996,1,9995,21,,,10004,1,10005,21,,
925,9996,2,9995,20,,,10002,9,10004,2,10005,20
926,9995,26,,,,,10005,26,,,,
927,9995,21,,,,,10005,21,,,,
928,9995,20,,,,,10005,20,,,,
929,9995,25,,,,,10002,1,10005,25,,
930,9996,2,9995,23,,,10002,3,10004,2,10005,23
931,9996,2,9995,26,,,10004,2,10005,26,,
932,10002,3,9996,2,9995,28,10004,2,10005,28,,
933,9996,1,9995,29,,,10002,8,10004,1,10005,29
934,9995,30,,,,,10005,30,,,,
935,9995,20,,,,,10002,6,10005,20,,
936,9996,1,9995,20,,,10000,2,10004,1,10005,20
937,9996,2,9995,23,,,10004,2,10005,23,,
938,9996,1,9995,25,,,10004,1,10005,25,,
939,10002,1,9996,1,9995,27,10004,1,10005,27,,
940,9996,1,9995,20,,,10004,1,10005,20,,
941,9995,27,,,,,10005,27,,,,
942,9998,10,9996,1,9995,22,10004,1,10005,22,,
943,9995,26,,,,,10002,9,10005,26,,
944,9998,3,9996,2,9995,27,10004,2,10005,27,,
945,9995,20,,,,,10005,20,,,,
946,9995,25,,,,,10005,25,,,,
947,9995,20,,,,,10005,20,,,,
948,9996,1,9995,23,,,10004,1,10005,23,,
949,10002,1,9996,2,9995,28,10004,2,10005,28,,
950,9995,28,,,,,10005,28,,,,
951,9996,1,9995,20,,,9998,1,10004,1,10005,20
952,9998,9,9996,1,9995,21,10004,1,10005,21,,
953,9996,1,9995,22,,,10004,1,10005,22,,
954,9996,1,9995,30,,,10004,1,10005,30,,
955,9998,1,9996,1,9995,27,10004,1,10005,27,,
956,9995,23,,,,,10005,23,,,,
957,9996,2,9995,24,,,9998,1,10004,2,10005,24
958,9996,2,9995,26,,,9998,1,10004,2,10005,26
959,9995,25,,,,,9998,1,10005,25,,
960,9996,2,9995,28,,,10004,2,10005,28,,
961,9996,2,9995,20,,,10002,4,10004,2,10005,20
962,9996,1,9995,21,,,10004,1,10005,21,,
963,10002,1,9995,22,,,10005,22,,,,
964,9996,2,9995,30,,,10004,2,10005,30,,
965,9998,5,9995,30,,,10005,30,,,,
966,10002,1,9998,5,9995,20,10005,20,,,,
967,9996,1,9995,23,,,10004,1,10005,23,,
968,9995,26,,,,,10005,26,,,,
969,9995,28,,,,,10005,28,,,,
970,9998,5,9996,2,9995,20,10004,2,10005,20,,
971,9996,2,9995,30,,,10004,2,10005,30,,
972,9996,2,9995,20,,,10002,8,10004,2,10005,20
973,9998,1,9996,1,9995,27,10004,1,10005,27,,
974,9996,2,9995,21,,,10004,2,10005,21,,
975,9996,2,9995,22,,,10004,2,10005,22,,
976,9995,26,,,,,10005,26,,,,
977,9996,1,9995,26,,,10004,1,10005,26,,
978,9995,24,,,,,10005,24,,,,
979,9998,3,9995,28,,,10005,28,,,,
980,9996,1,9995,21,,,9998,1,10004,1,10005,21
981,9998,2,9996,2,9995,28,10004,2,10005,28,,
982,9996,1,9995,20,,,9998,5,10004,1,10005,20
983,9996,1,9995,27,,,10004,1,10005,27,,
984,9998,6,9995,23,,,10005,23,,,,
985,9996,2,9995,25,,,10004,2,10005,25,,
986,10002,4,9996,2,9995,29,10004,2,10005,29,,
987,9996,2,9995,25,,,10004,2,10005,25,,
988,9996,1,9995,20,,,9998,1,10004,1,10005,20
989,9996,1,9995,24,,,10004,1,10005,24,,
990,9996,2,9995,22,,,10004,2,10005,22,,
991,9998,5,9996,2,9995,26,10004,2,10005,26,,
992,9996,1,9995,23,,,9998,3,10004,1,10005,23
993,9995,27,,,,,10002,8,10005,27,,
994,9995,27,,,,,9998,5,10005,27,,
995,9996,1,9995,22,,,10004,1,10005,22,,
996,9998,6,9995,28,,,10005,28,,,,
997,10002,1,9998,1,9996,1,10004,1,10005,28,,
998,9998,3,9996,1,9995,25,10004,1,10005,25,,
999,9996,2,9995,24,,,10004,2,10005,24,,
1000,9998,3,9995,22,,,10005,22,,,,
1001,9996,1,9995,25,,,10004,1,10005,25,,
1002,9995,30,,,,,10005,30,,,,
1003,9996,2,9995,26,,,10004,2,10005,26,,
1004,9996,1,9995,24,,,9998,9,10004,1,10005,24
1005,9996,2,9995,25,,,10004,2,10005,25,,
1006,9996,2,9995,21,,,9998,1,10004,2,10005,21
1007,9995,30,,,,,10005,30,,,,
1008,9996,1,9995,22,,,10002,2,10004,1,10005,22
1009,9995,24,,,,,10002,1,10005,24,,
1010,9998,6,9996,2,9995,20,10004,2,10005,20,,
1011,9995,27,,,,,10005,27,,,,
1012,9995,28,,,,,10005,28,,,,
1013,9995,20,,,,,10005,20,,,,
1014,9995,21,,,,,9998,2,10005,21,,
1015,9998,10,9996,1,9995,20,10004,1,10005,20,,
1016,9996,2,9995,22,,,10002,4,10004,2,10005,22
1017,10002,1,9996,1,9995,26,10004,1,10005,26,,
1018,9996,2,9995,29,,,10002,1,10004,2,10005,29
1019,9996,2,9995,23,,,10004,2,10005,23,,
1020,9996,1,9995,27,,,10004,1,10005,27,,
1021,9996,2,9995,27,,,10000,4,10002,10,10004,2
1022,9996,1,9995,25,,,10004,1,10005,25,,
1023,9998,6,9995,28,,,10005,28,,,,
1024,9996,1,9995,27,,,10004,1,10005,27,,
1025,9996,1,9995,26,,,10004,1,10005,26,,
1026,9998,1,9995,28,,,10005,28,,,,
1027,9998,1,9995,21,,,10005,21,,,,
1028,9995,27,,,,,10005,27,,,,
1029,9996,1,9995,24,,,10002,5,10004,1,10005,24
1030,9995,27,,,,,10005,27,,,,
1031,9996,1,9995,21,,,10000,6,10004,1,10005,21
1032,9995,30,,,,,10005,30,,,,
1033,9996,1,9995,21,,,10004,1,10005,21,,
1034,9996,2,9995,25,,,10004,2,10005,25,,
1035,9996,1,9995,26,,,10004,1,10005,26,,
1036,9996,1,9995,26,,,9998,4,10002,7,10004,1
1037,9995,30,,,,,9998,1,10002,8,10005,30
1038,9996,2,9995,30,,,10004,2,10005,30,,
1039,9998,3,9996,1,9995,27,10004,1,10005,27,,
1040,9996,1,9995,21,,,9998,2,10004,1,10005,21
1041,9996,1,9995,30,,,10004,1,10005,30,,
1042,9996,2,9995,29,,,10004,2,10005,29,,
1043,9996,1,9995,20,,,10004,1,10005,20,,
1044,9996,1,9995,23,,,10000,6,10002,2,10004,1
1045,9996,2,9995,29,,,10004,2,10005,29,,
1046,9996,1,9995,25,,,10004,1,10005,25,,
1047,9995,30,,,,,10005,30,,,,
1048,9998,4,9995,21,,,10005,21,,,,
1049,9998,5,9996,1,9995,23,10004,1,10005,23,,
1050,9995,21,,,,,10005,21,,,,
1051,10002,1,9995,22,,,10005,22,,,,
1052,9996,2,9995,28,,,10004,2,10005,28,,
1053,9996,1,9995,30,,,10004,1,10005,30,,
1054,9996,2,9995,21,,,10004,2,10005,21,,
1055,9996,2,9995,27,,,10004,2,10005,27,,
1056,9995,28,,,,,10005,28,,,,
1057,9995,29,,,,,10002,2,10005,29,,
1058,9996,2,9995,30,,,10004,2,10005,30,,
1059,10002,1,9995,23,,,10005,23,,,,
1060,9998,5,9996,2,9995,26,10004,2,10005,26,,
1061,9996,1,9995,24,,,10002,7,10004,1,10005,24
1062,9996,2,9995,27,,,10004,2,10005,27,,
1063,9995,25,,,,,10005,25,,,,
1064,9996,2,9995,25,,,10004,2,10005,25,,
1065,9998,8,9995,25,,,10005,25,,,,
1066,9995,30,,,,,10002,2,10005,30,,
1067,9996,1,9995,30,,,10004,1,10005,30,,
1068,9998,6,9996,2,9995,25,10004,2,10005,25,,
1069,9998,7,9995,23,,,10005,23,,,,
1070,9998,2,9996,1,9995,29,10004,1,10005,29,,
1071,10002,4,9998,1,9996,1,10004,1,10005,26,,
1072,9996,2,9995,21,,,10004,2,10005,21,,
1073,9996,1,9995,22,,,10002,1,10004,1,10005,22
1074,10002,10,9995,29,,,10005,29,,,,
1075,9996,2,9995,25,,,10004,2,10005,25,,
1076,9995,25,,,,,10002,3,10005,25,,
1077,9995,21,,,,,10005,21,,,,
1078,9996,1,9995,30,,,10004,1,10005,30,,
1079,9995,25,,,,,10002,1,10005,25,,
1080,9998,8,9996,2,9995,21,10004,2,10005,21,,
1081,9995,30,,,,,10005,30,,,,
1082,9995,25,,,,,10005,25,,,,
1083,10002,9,9998,7,9995,27,10005,27,,,,
1084,9998,9,9995,20,,,10005,20,,,,
1085,9995,30,,,,,10005,30,,,,
1086,9996,1,9995,30,,,9998,1,10004,1,10005,30
1087,9996,2,9995,25,,,10004,2,10005,25,,
1088,9996,2,9995,24,,,10004,2,10005,24,,
1089,9996,1,9995,22,,,10002,1,10004,1,10005,22
1090,9998,2,9996,1,9995,23,10004,1,10005,23,,
1091,9996,2,9995,20,,,10002,10,10004,2,10005,20
1092,9995,25,,,,,10005,25,,,,
1093,10002,1,9998,6,9996,1,10004,1,10005,24,,
1094,9996,2,9995,23,,,10002,9,10004,2,10005,23
1095,9998,5,9995,30,,,10005,30,,,,
1096,9998,5,9995,21,,,10005,21,,,,
1097,9996,2,9995,26,,,10004,2,10005,26,,
1098,9996,2,9995,25,,,10004,2,10005,25,,
1099,9995,29,,,,,10005,29,,,,
1100,9996,1,9995,24,,,10004,1,10005,24,,
1101,9996,1,9995,24,,,10004,1,10005,24,,
1102,9995,28,,,,,10005,28,,,,
1103,9996,1,9995,26,,,10002,5,10004,1,10005,26
1104,9995,26,,,,,10005,26,,,,
1105,9995,21,,,,,10005,21,,,,
1106,9996,1,9995,26,,,9998,1,10004,1,10005,26
1107,10002,1,9996,2,9995,23,10004,2,10005,23,,
1108,9996,2,9995,22,,,10004,2,10005,22,,
1109,9995,26,,,,,10002,2,10005,26,,
1110,9995,26,,,,,10005,26,,,,
1111,9996,1,9995,20,,,10004,1,10005,20,,
1112,9998,6,9996,1,9995,20,10004,1,10005,20,,
1113,9996,1,9995,29,,,10002,4,10004,1,10005,29
1114,9995,21,,,,,9998,1,10005,21,,
1115,10002,5,9996,1,9995,23,10004,1,10005,23,,
1116,9996,1,9995,24,,,10002,1,10004,1,10005,24
1117,9995,20,,,,,10005,20,,,,
1118,9996,2,9995,23,,,10004,2,10005,23,,
1119,9996,2,9995,22,,,10004,2,10005,22,,
1120,9996,1,9995,23,,,10004,1,10005,23,,
1121,9995,25,,,,,10005,25,,,,
1122,9995,20,,,,,10005,20,,,,
1123,9996,2,9995,25,,,10004,2,10005,25,,
1124,9995,28,,,,,10005,28,,,,
1125,9998,9,9996,1,9995,24,10004,1,10005,24,,
1126,9995,29,,,,,10005,29,,,,
1127,9996,1,9995,21,,,10004,1,10005,21,,
1128,9995,27,,,,,10002,5,10005,27,,
1129,9996,2,9995,23,,,10004,2,10005,23,,
1130,9996,1,9995,29,,,10004,1,10005,29,,
1131,9995,22,,,,,10002,9,10005,22,,
1132,9996,1,9995,24,,,10004,1,10005,24,,
1133,9996,2,9995,20,,,10002,2,10004,2,10005,20
1134,10002,1,9995,29,,,10005,29,,,,
1135,9998,3,9996,1,9995,28,10004,1,10005,28,,
1136,9995,24,,,,,10002,3,10005,24,,
1137,9996,1,9995,26,,,10002,8,10004,1,10005,26
1138,9996,2,9995,23,,,10004,2,10005,23,,
1139,9996,1,9995,20,,,10004,1,10005,20,,
1140,9996,2,9995,25,,,10004,2,10005,25,,
1141,9996,2,9995,28,,,10004,2,10005,28,,
1142,9996,1,9995,30,,,10004,1,10005,30,,
1143,9996,1,9995,20,,,10004,1,10005,20,,
1144,9996,2,9995,25,,,10004,2,10005,25,,
1145,9996,2,9995,25,,,10004,2,10005,25,,
1146,9996,1,9995,27,,,10004,1,10005,27,,
1147,9996,2,9995,28,,,10004,2,10005,28,,
1148,9995,21,,,,,10005,21,,,,
1149,9996,2,9995,25,,,10002,3,10004,2,10005,25
1150,9996,2,9995,28,,,10002,4,10004,2,10005,28
1151,9996,2,9995,25,,,10004,2,10005,25,,
1152,9998,5,9996,2,9995,26,10004,2,10005,26,,
1153,10002,11,9996,2,9995,28,10004,2,10005,28,,
1154,9998,9,9996,1,9995,28,10004,1,10005,28,,
1155,9996,2,9995,23,,,9998,4,10004,2,10005,23
1156,9996,1,9995,30,,,10004,1,10005,30,,
1157,9998,5,9996,1,9995,30,10004,1,10005,30,,
1158,9995,30,,,,,10005,30,,,,
1159,9998,9,9995,28,,,10005,28,,,,
1160,9996,1,9995,29,,,10002,4,10004,1,10005,29
1161,9995,28,,,,,10005,28,,,,
1162,9998,1,9995,26,,,10005,26,,,,
1163,9996,2,9995,24,,,9998,1,10002,10,10004,2
1164,9996,2,9995,29,,,9998,1,10002,2,10004,2
1165,9996,2,9995,27,,,10004,2,10005,27,,
1166,9996,2,9995,28,,,10004,2,10005,28,,
1167,9996,1,9995,22,,,10004,1,10005,22,,
1168,9995,30,,,,,10005,30,,,,
1169,9996,1,9995,28,,,10004,1,10005,28,,
1170,9995,21,,,,,10005,21,,,,
1171,9996,2,9995,24,,,10002,4,10004,2,10005,24
1172,9996,1,9995,22,,,10004,1,10005,22,,
1173,9995,29,,,,,10005,29,,,,
1174,9996,2,9995,30,,,10002,1,10004,2,10005,30
1175,9996,1,9995,22,,,10002,8,10004,1,10005,22
1176,9998,4,9996,1,9995,22,10004,1,10005,22,,
1177,9996,1,9995,23,,,10004,1,10005,23,,
1178,9996,1,9995,25,,,10002,5,10004,1,10005,25
1179,9996,1,9995,30,,,9998,1,10004,1,10005,30
1180,9996,1,9995,29,,,10004,1,10005,29,,
1181,10002,1,9998,4,9995,20,10005,20,,,,
1182,9996,1,9995,25,,,10002,7,10004,1,10005,25
1183,10002,2,9995,23,,,10005,23,,,,
1184,9996,1,9995,27,,,10004,1,10005,27,,
1185,9998,10,9995,28,,,10005,28,,,,
1186,9998,7,9996,2,9995,28,10004,2,10005,28,,
1187,9996,2,9995,27,,,10004,2,10005,27,,
1188,9995,24,,,,,10005,24,,,,
1189,10002,3,9996,1,9995,27,10004,1,10005,27,,
1190,9996,1,9995,26,,,9998,1,10004,1,10005,26
1191,10002,1,9995,25,,,10005,25,,,,
1192,9996,1,9995,28,,,10004,1,10005,28,,
1193,9996,1,9995,22,,,10004,1,10005,22,,
1194,9996,2,9995,25,,,10004,2,10005,25,,
1195,9996,2,9995,25,,,10004,2,10005,25,,
1196,9995,25,,,,,10005,25,,,,
1197,9996,2,9995,23,,,10004,2,10005,23,,
1198,9995,26,,,,,10005,26,,,,
1199,9996,2,9995,23,,,10002,9,10004,2,10005,23
1200,9996,1,9995,27,,,10004,1,10005,27,,
1201,9996,2,9995,20,,,10004,2,10005,20,,
1202,10002,4,9995,23,,,10005,23,,,,
1203,9995,28,,,,,10002,1,10005,28,,
1204,9998,5,9995,28,,,10005,28,,,,
1205,9995,29,,,,,10005,29,,,,
1206,9998,10,9996,2,9995,25,10004,2,10005,25,,
1207,9996,1,9995,20,,,9998,1,10004,1,10005,20
1208,9996,2,9995,26,,,10004,2,10005,26,,
1209,10002,1,9996,1,9995,23,10004,1,10005,23,,
1210,9996,2,9995,24,,,10004,2,10005,24,,
1211,9995,21,,,,,10005,21,,,,
1212,9995,27,,,,,10005,27,,,,
1213,9996,1,9995,26,,,10004,1,10005,26,,
1214,9995,20,,,,,10005,20,,,,
1215,10002,1,9995,27,,,10005,27,,,,
1216,9996,2,9995,29,,,10002,3,10004,2,10005,29
1217,9996,1,9995,25,,,10004,1,10005,25,,
1218,9995,27,,,,,10002,6,10005,27,,
1219,10002,1,9996,2,9995,20,10004,2,10005,20,,
1220,9996,1,9995,30,,,10002,1,10004,1,10005,30
1221,9998,9,9996,1,9995,22,10004,1,10005,22,,
1222,9996,2,9995,26,,,10004,2,10005,26,,
1223,9995,24,,,,,10005,24,,,,
1224,9995,22,,,,,10005,22,,,,
1225,9996,2,9995,21,,,10002,6,10004,2,10005,21
1226,9998,4,9996,1,9995,23,10004,1,10005,23,,
1227,10002,5,9995,21,,,10005,21,,,,
1228,9996,2,9995,30,,,10004,2,10005,30,,
1229,9995,23,,,,,10002,4,10005,23,,
1230,9995,27,,,,,10005,27,,,,
1231,10002,1,10000,3,9995,21,10005,21,,,,
1232,9996,2,9995,24,,,9998,1,10004,2,10005,24
1233,9996,1,9995,20,,,10004,1,10005,20,,
1234,9996,1,9995,23,,,10004,1,10005,23,,
1235,9998,5,9996,2,9995,21,10004,2,10005,21,,
1236,9995,30,,,,,10005,30,,,,
1237,9996,1,9995,27,,,10004,1,10005,27,,
1238,9996,2,9995,29,,,10004,2,10005,29,,
1239,9995,27,,,,,10005,27,,,,
1240,10002,1,9995,25,,,10005,25,,,,
1241,9995,28,,,,,9998,3,10005,28,,
1242,9996,2,9995,30,,,9998,5,10004,2,10005,30
1243,9998,9,9995,23,,,10005,23,,,,
1244,9995,24,,,,,10005,24,,,,
1245,9996,2,9995,21,,,10004,2,10005,21,,
1246,9995,30,,,,,10005,30,,,,
1247,9996,2,9995,30,,,10004,2,10005,30,,
1248,9995,28,,,,,10005,28,,,,
1249,9996,1,9995,22,,,10004,1,10005,22,,
1250,9995,27,,,,,10005,27,,,,
1251,9996,1,9995,25,,,9998,5,10004,1,10005,25
1252,9998,6,9996,2,9995,22,10004,2,10005,22,,
1253,9998,6,9995,25,,,10005,25,,,,
1254,9996,2,9995,24,,,10004,2,10005,24,,
1255,9995,26,,,,,9998,1,10005,26,,
1256,9996,1,9995,30,,,10002,1,10004,1,10005,30
1257,9998,2,9996,2,9995,24,10004,2,10005,24,,
1258,9996,1,9995,24,,,10002,1,10004,1,10005,24
1259,10000,2,9996,1,9995,21,10004,1,10005,21,,
1260,9996,2,9995,20,,,10004,2,10005,20,,
1261,9996,1,9995,30,,,10004,1,10005,30,,
1262,9998,4,9996,2,9995,27,10004,2,10005,27,,
1263,9996,1,9995,22,,,10004,1,10005,22,,
1264,9996,1,9995,30,,,9998,5,10004,1,10005,30
1265,9998,2,9996,2,9995,25,10004,2,10005,25,,
1266,9998,10,9996,2,9995,29,10004,2,10005,29,,
1267,9996,2,9995,21,,,9998,2,10004,2,10005,21
1268,10002,1,9996,1,9995,24,10004,1,10005,24,,
1269,9995,21,,,,,10002,3,10005,21,,
1270,10002,2,9998,3,9996,1,10004,1,10005,27,,
1271,9996,2,9995,26,,,9998,1,10002,1,10004,2
1272,9998,1,9995,20,,,10005,20,,,,
1273,9995,27,,,,,10005,27,,,,
1274,10002,1,9996,1,9995,24,10004,1,10005,24,,
1275,9996,2,9995,25,,,10002,3,10004,2,10005,25
1276,9998,10,9996,2,9995,24,10004,2,10005,24,,
1277,9998,8,9996,2,9995,23,10004,2,10005,23,,
1278,9996,2,9995,26,,,10000,5,10002,6,10004,2
1279,9995,30,,,,,10005,30,,,,
1280,10002,2,9998,4,9995,22,10005,22,,,,
1281,9998,5,9996,2,9995,23,10000,2,10004,2,10005,23
1282,9996,2,9995,30,,,10004,2,10005,30,,
1283,9996,2,9995,24,,,10004,2,10005,24,,
1284,10002,1,9996,1,9995,23,10004,1,10005,23,,
1285,9996,1,9995,29,,,10004,1,10005,29,,
1286,9998,2,9996,1,9995,25,10004,1,10005,25,,
1287,9996,2,9995,21,,,10004,2,10005,21,,
1288,9998,9,9995,29,,,10005,29,,,,
1289,9995,29,,,,,10005,29,,,,
1290,9996,2,9995,30,,,10004,2,10005,30,,
1291,9995,21,,,,,10005,21,,,,
1292,9995,25,,,,,10002,2,10005,25,,
1293,9998,1,9995,20,,,10005,20,,,,
1294,9995,20,,,,,9998,1,10005,20,,
1295,9996,1,9995,28,,,9998,1,10004,1,10005,28
1296,9998,7,9996,1,9995,30,10004,1,10005,30,,
1297,9996,2,9995,25,,,10000,2,10004,2,10005,25
1298,9995,26,,,,,10005,26,,,,
1299,9996,1,9995,20,,,10004,1,10005,20,,
1300,9996,2,9995,30,,,10004,2,10005,30,,
1301,9996,2,9995,22,,,10002,9,10004,2,10005,22
1302,9995,24,,,,,10005,24,,,,
1303,9995,29,,,,,10005,29,,,,
1304,10002,5,10000,5,9996,2,10004,2,10005,28,,
1305,9996,2,9995,23,,,10002,9,10004,2,10005,23
1306,10002,1,9996,2,9995,21,10004,2,10005,21,,
1307,9996,1,9995,23,,,10004,1,10005,23,,
1308,9998,8,9996,1,9995,26,10004,1,10005,26,,
1309,9995,25,,,,,10005,25,,,,
1310,9996,1,9995,23,,,10004,1,10005,23,,
1311,9996,2,9995,27,,,10004,2,10005,27,,
1312,9996,1,9995,21,,,10004,1,10005,21,,
1313,9995,22,,,,,10005,22,,,,
1314,9995,23,,,,,10005,23,,,,
1315,9996,1,9995,20,,,10004,1,10005,20,,
1316,10000,6,9998,10,9996,1,10004,1,10005,29,,
1317,9996,2,9995,21,,,10004,2,10005,21,,
1318,9998,2,9995,28,,,10005,28,,,,
1319,9996,1,9995,24,,,10004,1,10005,24,,
1320,9996,2,9995,22,,,10004,2,10005,22,,
1321,10002,1,9998,10,9996,1,10004,1,10005,20,,
1322,9996,2,9995,24,,,10004,2,10005,24,,
1323,9995,25,,,,,9998,3,10005,25,,
1324,9995,23,,,,,10005,23,,,,
1325,9998,1,9995,24,,,10005,24,,,,
1326,9998,4,9995,24,,,10005,24,,,,
1327,9996,2,9995,29,,,10004,2,10005,29,,
1328,9995,30,,,,,10005,30,,,,
1329,9995,21,,,,,10005,21,,,,
1330,9996,2,9995,30,,,9998,1,10004,2,10005,30
1331,9996,1,9995,29,,,10004,1,10005,29,,
1332,9998,10,9996,1,9995,29,10004,1,10005,29,,
1333,9995,29,,,,,10005,29,,,,
1334,10000,5,9998,6,9996,1,10004,1,10005,22,,
1335,9998,3,9995,22,,,10005,22,,,,
1336,9996,2,9995,20,,,10002,9,10004,2,10005,20
1337,9996,1,9995,25,,,10004,1,10005,25,,
1338,9996,2,9995,26,,,10004,2,10005,26,,
1339,9995,20,,,,,10005,20,,,,
1340,9996,1,9995,30,,,10004,1,10005,30,,
1341,9995,25,,,,,10005,25,,,,
1342,9998,7,9995,23,,,10005,23,,,,
1343,9996,1,9995,20,,,10002,4,10004,1,10005,20
1344,9996,1,9995,24,,,10004,1,10005,24,,
1345,9995,25,,,,,10002,4,10005,25,,
1346,9996,1,9995,20,,,10004,1,10005,20,,
1347,9998,1,9996,1,9995,22,10004,1,10005,22,,
1348,9996,2,9995,24,,,10002,5,10004,2,10005,24
1349,9996,1,9995,22,,,10002,3,10004,1,10005,22
1350,10002,3,9996,1,9995,23,10004,1,10005,23,,
1351,10002,1,9996,2,9995,24,10004,2,10005,24,,
1352,9996,1,9995,30,,,10002,9,10004,1,10005,30
1353,9996,2,9995,28,,,10004,2,10005,28,,
1354,9996,1,9995,27,,,10002,1,10004,1,10005,27
1355,9996,2,9995,27,,,10004,2,10005,27,,
1356,9995,24,,,,,10005,24,,,,
1357,9995,24,,,,,10005,24,,,,
1358,9996,2,9995,21,,,10002,8,10004,2,10005,21
1359,10002,4,9996,2,9995,22,10004,2,10005,22,,
1360,9996,2,9995,21,,,10002,1,10004,2,10005,21
1361,9995,29,,,,,10005,29,,,,
1362,9995,21,,,,,10005,21,,,,
1363,9996,1,9995,20,,,10004,1,10005,20,,
1364,9995,28,,,,,10005,28,,,,
1365,9996,1,9995,27,,,10002,6,10004,1,10005,27
1366,9995,27,,,,,10005,27,,,,
1367,9996,1,9995,29,,,10004,1,10005,29,,
1368,9995,25,,,,,10005,25,,,,
1369,9998,6,9995,20,,,10005,20,,,,
1370,10002,1,9995,24,,,10005,24,,,,
1371,10002,1,9996,2,9995,25,10004,2,10005,25,,
1372,9995,22,,,,,10005,22,,,,
1373,9996,1,9995,27,,,10004,1,10005,27,,
1374,9995,22,,,,,10005,22,,,,
1375,9996,1,9995,22,,,9998,2,10004,1,10005,22
1376,9996,1,9995,25,,,10002,1,10004,1,10005,25
1377,9996,2,9995,22,,,10004,2,10005,22,,
1378,9996,2,9995,23,,,10004,2,10005,23,,
1379,9996,2,9995,24,,,10004,2,10005,24,,
1380,9995,22,,,,,9998,8,10005,22,,
1381,9996,2,9995,20,,,10004,2,10005,20,,
1382,9996,1,9995,22,,,9998,1,10004,1,10005,22
1383,9995,23,,,,,10005,23,,,,
1384,10002,9,9998,10,9996,2,10004,2,10005,28,,
1385,9996,1,9995,28,,,10004,1,10005,28,,
1386,9996,1,9995,25,,,10004,1,10005,25,,
1387,9996,2,9995,26,,,10002,6,10004,2,10005,26
1388,9995,21,,,,,10005,21,,,,
1389,9996,1,9995,25,,,10004,1,10005,25,,
1390,9996,1,9995,30,,,10004,1,10005,30,,
1391,10000,6,9996,1,9995,29,10004,1,10005,29,,
1392,9995,22,,,,,10005,22,,,,
1393,9995,28,,,,,10005,28,,,,
1394,9996,1,9995,21,,,9998,1,10002,5,10004,1
1395,9996,1,9995,22,,,10004,1,10005,22,,
1396,9995,26,,,,,10005,26,,,,
1397,9996,2,9995,28,,,10004,2,10005,28,,
1398,9996,2,9995,28,,,10004,2,10005,28,,
1399,9996,2,9995,30,,,10004,2,10005,30,,
1400,9995,25,,,,,10005,25,,,,
1401,9998,3,9996,1,9995,24,10004,1,10005,24,,
1402,9996,1,9995,30,,,10004,1,10005,30,,
1403,9998,1,9995,21,,,10005,21,,,,
1404,9998,9,9996,1,9995,20,10004,1,10005,20,,
1405,9996,1,9995,20,,,9998,1,10004,1,10005,20
1406,9996,2,9995,20,,,10004,2,10005,20,,
1407,9996,1,9995,21,,,10004,1,10005,21,,
1408,9996,2,9995,21,,,9998,1,10002,3,10004,2
1409,9996,1,9995,22,,,10004,1,10005,22,,
1410,9996,1,9995,20,,,9998,1,10004,1,10005,20
1411,9995,28,,,,,10005,28,,,,
1412,9995,22,,,,,10005,22,,,,
1413,10000,3,9996,1,9995,20,10002,7,10004,1,10005,20
1414,9995,26,,,,,9998,1,10005,26,,
1415,9996,2,9995,24,,,10004,2,10005,24,,
1416,9996,2,9995,22,,,10002,6,10004,2,10005,22
1417,10002,1,9995,20,,,10005,20,,,,
1418,9995,21,,,,,10005,21,,,,
1419,9998,8,9996,2,9995,29,10004,2,10005,29,,
1420,9995,29,,,,,10005,29,,,,
1421,9995,27,,,,,10002,1,10005,27,,
1422,9995,21,,,,,10005,21,,,,
1423,9996,1,9995,24,,,10004,1,10005,24,,
1424,9995,23,,,,,10005,23,,,,
1425,9995,24,,,,,9998,1,10005,24,,
1426,9996,2,9995,27,,,10004,2,10005,27,,
1427,9996,2,9995,20,,,10004,2,10005,20,,
1428,9998,5,9995,29,,,10005,29,,,,
1429,9996,2,9995,30,,,10004,2,10005,30,,
1430,9996,2,9995,27,,,10004,2,10005,27,,
1431,9996,2,9995,25,,,10004,2,10005,25,,
1432,9996,1,9995,23,,,10004,1,10005,23,,
1433,9998,2,9995,27,,,10005,27,,,,
1434,9996,1,9995,26,,,10004,1,10005,26,,
1435,9998,8,9996,2,9995,24,10004,2,10005,24,,
1436,9996,1,9995,23,,,10004,1,10005,23,,
1437,9996,1,9995,24,,,10004,1,10005,24,,
1438,9998,4,9996,2,9995,20,10004,2,10005,20,,
1439,10000,4,9996,2,9995,27,10004,2,10005,27,,
1440,9996,2,9995,21,,,10002,4,10004,2,10005,21
1441,9996,2,9995,23,,,10004,2,10005,23,,
1442,9998,6,9996,1,9995,23,10004,1,10005,23,,
1443,9995,30,,,,,10002,9,10005,30,,
1444,9996,1,9995,27,,,10004,1,10005,27,,
1445,9996,2,9995,29,,,10004,2,10005,29,,
1446,9998,2,9996,2,9995,23,10004,2,10005,23,,
1447,9996,2,9995,27,,,10004,2,10005,27,,
1448,10002,1,9995,27,,,10005,27,,,,
1449,9996,2,9995,21,,,10004,2,10005,21,,
1450,9996,1,9995,23,,,10004,1,10005,23,,
1451,9998,10,9995,20,,,10005,20,,,,
1452,9996,1,9995,28,,,10004,1,10005,28,,
1453,9996,2,9995,24,,,10004,2,10005,24,,
1454,9996,1,9995,21,,,10004,1,10005,21,,
1455,9996,2,9995,22,,,10002,5,10004,2,10005,22
1456,9995,30,,,,,10002,6,10005,30,,
1457,9996,1,9995,23,,,10002,7,10004,1,10005,23
1458,9998,1,9995,21,,,10005,21,,,,
1459,10002,2,9995,23,,,10005,23,,,,
1460,9996,2,9995,22,,,10004,2,10005,22,,
1461,9995,27,,,,,10002,9,10005,27,,
1462,9996,2,9995,22,,,10002,8,10004,2,10005,22
1463,9995,21,,,,,10005,21,,,,
1464,9998,8,9996,2,9995,29,10004,2,10005,29,,
1465,9996,2,9995,29,,,9998,2,10004,2,10005,29
1466,9996,2,9995,30,,,10004,2,10005,30,,
1467,9996,2,9995,29,,,10004,2,10005,29,,
1468,9998,8,9995,24,,,10005,24,,,,
1469,9996,1,9995,27,,,10004,1,10005,27,,
1470,10002,1,9996,1,9995,27,10004,1,10005,27,,
1471,9998,8,9995,25,,,10005,25,,,,
1472,9995,23,,,,,10005,23,,,,
1473,9996,2,9995,27,,,10004,2,10005,27,,
1474,9996,1,9995,22,,,10004,1,10005,22,,
1475,9995,24,,,,,10005,24,,,,
1476,9996,1,9995,28,,,10004,1,10005,28,,
1477,10002,1,9998,7,9995,26,10005,26,,,,
1478,9996,1,9995,29,,,10004,1,10005,29,,
1479,9996,2,9995,25,,,10004,2,10005,25,,
1480,10002,4,9995,27,,,10005,27,,,,
1481,9995,24,,,,,9998,1,10005,24,,
1482,9996,2,9995,25,,,9998,4,10004,2,10005,25
1483,10002,5,9996,1,9995,20,10004,1,10005,20,,
1484,9996,1,9995,20,,,10004,1,10005,20,,
1485,9998,7,9996,1,9995,24,10004,1,10005,24,,
1486,9996,1,9995,23,,,10004,1,10005,23,,
1487,9995,25,,,,,10005,25,,,,
1488,9996,2,9995,29,,,10002,5,10004,2,10005,29
1489,9996,1,9995,27,,,10004,1,10005,27,,
1490,9996,1,9995,21,,,10002,2,10004,1,10005,21
1491,9998,6,9996,2,9995,20,10004,2,10005,20,,
1492,9998,5,9996,2,9995,28,10004,2,10005,28,,
1493,9998,2,9996,2,9995,29,10004,2,10005,29,,
1494,9995,24,,,,,10005,24,,,,
1495,9995,21,,,,,10002,6,10005,21,,
1496,9998,6,9995,21,,,10005,21,,,,
1497,9998,4,9995,29,,,10005,29,,,,
1498,9996,2,9995,20,,,10002,10,10004,2,10005,20
1499,9995,29,,,,,10005,29,,,,
1500,9998,6,9995,20,,,10005,20,,,,
1501,9996,2,9995,30,,,10002,5,10004,2,10005,30
1502,9998,3,9996,1,9995,22,10004,1,10005,22,,
1503,10002,1,9996,1,9995,25,10004,1,10005,25,,
1504,9998,5,9996,2,9995,20,10004,2,10005,20,,
1505,10002,1,9995,21,,,10005,21,,,,
1506,10002,1,9995,25,,,10005,25,,,,
1507,9996,1,9995,30,,,10004,1,10005,30,,
1508,9998,5,9995,22,,,10005,22,,,,
1509,9995,30,,,,,10002,1,10005,30,,
1510,9998,6,9996,1,9995,21,10004,1,10005,21,,
1511,9995,21,,,,,10002,4,10005,21,,
1512,9998,7,9996,2,9995,22,10004,2,10005,22,,
1513,9995,24,,,,,10005,24,,,,
1514,9996,2,9995,30,,,9998,1,10002,2,10004,2
1515,9996,2,9995,28,,,10004,2,10005,28,,
1516,9996,1,9995,23,,,10004,1,10005,23,,
1517,9995,22,,,,,10005,22,,,,
1518,9995,26,,,,,10005,26,,,,
1519,9996,1,9995,23,,,10004,1,10005,23,,
1520,10000,5,9995,29,,,10005,29,,,,
1521,10002,1,9998,8,9996,2,10004,2,10005,21,,
1522,9998,5,9996,1,9995,21,10004,1,10005,21,,
1523,9995,27,,,,,10005,27,,,,
1524,9996,1,9995,22,,,9998,1,10004,1,10005,22
1525,9995,27,,,,,10005,27,,,,
1526,9998,8,9996,1,9995,26,10004,1,10005,26,,
1527,9996,1,9995,26,,,10004,1,10005,26,,
1528,9996,1,9995,20,,,10002,1,10004,1,10005,20
1529,9996,1,9995,21,,,10004,1,10005,21,,
1530,9996,2,9995,22,,,9998,1,10004,2,10005,22
1531,9996,2,9995,23,,,10004,2,10005,23,,
1532,10002,2,9995,20,,,10005,20,,,,
1533,9996,2,9995,21,,,9998,1,10004,2,10005,21
1534,9995,20,,,,,10005,20,,,,
1535,9998,10,9995,20,,,10005,20,,,,
1536,9996,2,9995,29,,,10004,2,10005,29,,
1537,9995,26,,,,,10005,26,,,,
1538,9996,2,9995,21,,,10004,2,10005,21,,
1539,9995,28,,,,,10005,28,,,,
1540,9996,2,9995,25,,,10004,2,10005,25,,
1541,9996,2,9995,25,,,10004,2,10005,25,,
1542,9996,1,9995,22,,,10004,1,10005,22,,
1543,9995,23,,,,,10002,2,10005,23,,
1544,9995,26,,,,,10005,26,,,,
1545,9996,2,9995,25,,,10004,2,10005,25,,
1546,9998,2,9995,21,,,10005,21,,,,
1547,9996,2,9995,26,,,10004,2,10005,26,,
1548,9996,2,9995,27,,,10004,2,10005,27,,
1549,9996,2,9995,21,,,10002,8,10004,2,10005,21
1550,9996,2,9995,20,,,10004,2,10005,20,,
1551,10002,5,9996,1,9995,20,10004,1,10005,20,,
1552,9998,3,9996,1,9995,26,10004,1,10005,26,,
1553,9996,2,9995,27,,,9998,3,10004,2,10005,27
1554,9996,1,9995,29,,,10004,1,10005,29,,
1555,9995,23,,,,,10005,23,,,,
1556,9996,2,9995,27,,,10004,2,10005,27,,
1557,9998,5,9996,1,9995,26,10004,1,10005,26,,
1558,9995,28,,,,,10005,28,,,,
1559,9996,2,9995,27,,,10002,10,10004,2,10005,27
1560,10002,3,9996,1,9995,25,10004,1,10005,25,,
1561,10002,1,9995,28,,,10005,28,,,,
1562,9996,1,9995,22,,,10004,1,10005,22,,
1563,9995,26,,,,,10005,26,,,,
1564,9998,2,9996,1,9995,25,10004,1,10005,25,,
1565,9996,1,9995,25,,,10002,2,10004,1,10005,25
1566,9998,5,9996,1,9995,27,10004,1,10005,27,,
1567,9998,6,9996,2,9995,29,10004,2,10005,29,,
1568,9998,1,9995,25,,,10005,25,,,,
1569,9995,26,,,,,9998,1,10005,26,,
1570,10000,3,9998,4,9995,22,10005,22,,,,
1571,9996,1,9995,26,,,10002,1,10004,1,10005,26
1572,9996,2,9995,27,,,10004,2,10005,27,,
1573,9998,9,9996,2,9995,30,10004,2,10005,30,,
1574,9996,2,9995,20,,,10004,2,10005,20,,
1575,9996,2,9995,23,,,10004,2,10005,23,,
1576,9996,2,9995,21,,,10004,2,10005,21,,
1577,9996,1,9995,24,,,10004,1,10005,24,,
1578,9996,1,9995,25,,,10002,3,10004,1,10005,25
1579,9998,5,9996,2,9995,24,10004,2,10005,24,,
1580,9995,29,,,,,9998,1,10005,29,,
1581,9996,2,9995,29,,,10002,1,10004,2,10005,29
1582,9996,2,9995,25,,,10002,7,10004,2,10005,25
1583,9998,5,9996,2,9995,21,10004,2,10005,21,,
1584,9996,1,9995,28,,,10004,1,10005,28,,
1585,10002,1,9995,29,,,10005,29,,,,
1586,9996,1,9995,22,,,10004,1,10005,22,,
1587,9995,29,,,,,9998,1,10005,29,,
1588,9996,1,9995,25,,,10004,1,10005,25,,
1589,9995,20,,,,,10005,20,,,,
1590,9996,1,9995,21,,,9998,4,10004,1,10005,21
1591,9996,1,9995,24,,,10002,3,10004,1,10005,24
1592,9995,20,,,,,10002,3,10005,20,,
1593,9996,2,9995,28,,,10004,2,10005,28,,
1594,9996,1,9995,20,,,9998,1,10004,1,10005,20
1595,9995,25,,,,,10005,25,,,,
1596,9996,2,9995,30,,,10004,2,10005,30,,
1597,9996,1,9995,30,,,10004,1,10005,30,,
1598,10002,6,9996,2,9995,27,10004,2,10005,27,,
1599,9995,20,,,,,10005,20,,,,
1600,10000,6,9995,23,,,10005,23,,,,
1601,10000,3,9996,2,9995,30,10004,2,10005,30,,
1602,9996,2,9995,30,,,10004,2,10005,30,,
1603,9996,1,9995,22,,,10004,1,10005,22,,
1604,9996,1,9995,27,,,10004,1,10005,27,,
1605,9996,2,9995,26,,,10002,4,10004,2,10005,26
1606,9996,1,9995,22,,,10004,1,10005,22,,
1607,9996,2,9995,28,,,10004,2,10005,28,,
1608,9996,1,9995,28,,,10004,1,10005,28,,
1609,9996,2,9995,23,,,10002,6,10004,2,10005,23
1610,9996,2,9995,24,,,10004,2,10005,24,,
1611,9996,1,9995,22,,,10002,3,10004,1,10005,22
1612,9995,24,,,,,10005,24,,,,
1613,9996,1,9995,26,,,10002,1,10004,1,10005,26
1614,9996,1,9995,28,,,10004,1,10005,28,,
1615,9995,23,,,,,10002,5,10005,23,,
1616,10002,1,9995,30,,,10005,30,,,,
1617,9996,1,9995,29,,,10004,1,10005,29,,
1618,9998,2,9995,28,,,10005,28,,,,
1619,9995,28,,,,,10005,28,,,,
1620,9996,1,9995,30,,,10004,1,10005,30,,
1621,9996,2,9995,30,,,10004,2,10005,30,,
1622,9998,3,9995,27,,,10005,27,,,,
1623,9996,2,9995,26,,,10002,10,10004,2,10005,26
1624,9998,8,9996,2,9995,27,10004,2,10005,27,,
1625,9995,29,,,,,10005,29,,,,
1626,9996,2,9995,25,,,10004,2,10005,25,,
1627,9995,28,,,,,10005,28,,,,
1628,9995,20,,,,,10005,20,,,,
1629,9996,2,9995,30,,,10004,2,10005,30,,
1630,9998,8,9996,1,9995,26,10000,6,10004,1,10005,26
1631,9996,2,9995,21,,,10002,2,10004,2,10005,21
1632,9996,2,9995,28,,,10004,2,10005,28,,
1633,9996,1,9995,25,,,10004,1,10005,25,,
1634,9996,1,9995,28,,,10004,1,10005,28,,
1635,9995,27,,,,,10005,27,,,,
1636,10002,2,9995,30,,,10005,30,,,,
1637,9995,20,,,,,10002,4,10005,20,,
1638,9996,2,9995,23,,,10002,6,10004,2,10005,23
1639,10000,5,9998,10,9996,2,10004,2,10005,20,,
1640,9995,22,,,,,10005,22,,,,
1641,10002,1,9998,9,9995,29,10005,29,,,,
1642,9995,23,,,,,10005,23,,,,
1643,9996,2,9995,25,,,10004,2,10005,25,,
1644,9996,1,9995,26,,,10004,1,10005,26,,
1645,9998,6,9996,1,9995,24,10004,1,10005,24,,
1646,9996,2,9995,30,,,9998,1,10004,2,10005,30
1647,9995,27,,,,,10005,27,,,,
1648,9996,1,9995,23,,,10004,1,10005,23,,
1649,9995,24,,,,,10005,24,,,,
1650,9996,1,9995,25,,,9998,1,10004,1,10005,25
1651,9996,1,9995,27,,,10004,1,10005,27,,
1652,10002,1,9996,1,9995,29,10004,1,10005,29,,
1653,9996,1,9995,26,,,10002,1,10004,1,10005,26
1654,9996,2,9995,28,,,10004,2,10005,28,,
1655,9996,1,9995,20,,,10004,1,10005,20,,
1656,9995,28,,,,,10000,3,10005,28,,
1657,9996,1,9995,28,,,10004,1,10005,28,,
1658,9998,2,9996,1,9995,23,10004,1,10005,23,,
1659,9996,1,9995,27,,,10004,1,10005,27,,
1660,9996,1,9995,23,,,10004,1,10005,23,,
1661,9995,22,,,,,10005,22,,,,
1662,10002,1,9995,22,,,10005,22,,,,
1663,9996,2,9995,28,,,10004,2,10005,28,,
1664,9998,4,9996,2,9995,21,10004,2,10005,21,,
1665,9995,29,,,,,10005,29,,,,
1666,9996,2,9995,26,,,10002,9,10004,2,10005,26
1667,9995,21,,,,,10005,21,,,,
1668,9996,2,9995,22,,,10002,2,10004,2,10005,22
1669,9996,2,9995,22,,,10004,2,10005,22,,
1670,9996,2,9995,20,,,10002,3,10004,2,10005,20
1671,9996,2,9995,25,,,10004,2,10005,25,,
1672,9995,23,,,,,10002,10,10005,23,,
1673,9995,26,,,,,10002,5,10005,26,,
1674,9996,1,9995,28,,,10002,1,10004,1,10005,28
1675,9996,1,9995,26,,,10002,8,10004,1,10005,26
1676,9995,25,,,,,10005,25,,,,
1677,9998,9,9996,2,9995,22,10004,2,10005,22,,
1678,9996,2,9995,30,,,10004,2,10005,30,,
1679,9996,1,9995,28,,,10004,1,10005,28,,
1680,9995,29,,,,,10005,29,,,,
1681,9996,1,9995,22,,,10004,1,10005,22,,
1682,9995,25,,,,,10005,25,,,,
1683,9995,20,,,,,10005,20,,,,
1684,9998,5,9996,1,9995,29,10004,1,10005,29,,
1685,9996,2,9995,24,,,10004,2,10005,24,,
1686,9998,9,9996,1,9995,20,10004,1,10005,20,,
1687,9995,20,,,,,10002,6,10005,20,,
1688,9998,9,9995,27,,,10005,27,,,,
1689,9995,23,,,,,10005,23,,,,
1690,9996,1,9995,27,,,9998,1,10002,2,10004,1
1691,9995,29,,,,,10005,29,,,,
1692,9995,29,,,,,10005,29,,,,
1693,9996,1,9995,29,,,10002,6,10004,1,10005,29
1694,10002,2,9998,5,9996,2,10004,2,10005,22,,
1695,9995,30,,,,,10005,30,,,,
1696,9996,1,9995,21,,,10004,1,10005,21,,
1697,9998,6,9996,1,9995,23,10004,1,10005,23,,
1698,9996,2,9995,26,,,10004,2,10005,26,,
1699,9996,1,9995,22,,,10004,1,10005,22,,
1700,9995,20,,,,,9998,5,10002,1,10005,20
1701,9996,2,9995,24,,,10004,2,10005,24,,
1702,9996,1,9995,30,,,9998,1,10004,1,10005,30
1703,9996,1,9995,24,,,10000,2,10004,1,10005,24
1704,9998,2,9995,26,,,10005,26,,,,
1705,9995,26,,,,,10005,26,,,,
1706,9996,2,9995,30,,,10002,6,10004,2,10005,30
1707,9996,1,9995,23,,,10004,1,10005,23,,
1708,9998,2,9996,2,9995,21,10004,2,10005,21,,
1709,9996,1,9995,28,,,10004,1,10005,28,,
1710,9996,2,9995,30,,,10004,2,10005,30,,
1711,9995,30,,,,,10005,30,,,,
1712,9996,1,9995,30,,,10004,1,10005,30,,
1713,9998,7,9995,29,,,10005,29,,,,
1714,9996,1,9995,21,,,10004,1,10005,21,,
1715,9996,1,9995,30,,,10004,1,10005,30,,
1716,9996,1,9995,26,,,9998,1,10002,5,10004,1
1717,10002,2,9995,27,,,10005,27,,,,
1718,9995,22,,,,,10005,22,,,,
1719,10000,6,9995,26,,,10002,7,10005,26,,
1720,9995,30,,,,,10005,30,,,,
1721,9996,2,9995,22,,,10004,2,10005,22,,
1722,9998,9,9996,1,9995,23,10004,1,10005,23,,
1723,9995,28,,,,,10005,28,,,,
1724,9995,23,,,,,10002,10,10005,23,,
1725,9996,2,9995,23,,,10004,2,10005,23,,
1726,9996,2,9995,22,,,10004,2,10005,22,,
1727,9996,2,9995,30,,,10002,10,10004,2,10005,30
1728,9995,30,,,,,10005,30,,,,
1729,9995,20,,,,,9998,2,10005,20,,
1730,9998,6,9995,22,,,10005,22,,,,
1731,9995,30,,,,,10002,2,10005,30,,
1732,9996,2,9995,30,,,10002,8,10004,2,10005,30
1733,9996,1,9995,20,,,10004,1,10005,20,,
1734,9996,2,9995,22,,,10004,2,10005,22,,
1735,9996,1,9995,25,,,10002,3,10004,1,10005,25
1736,9998,1,9996,1,9995,23,10004,1,10005,23,,
1737,9995,20,,,,,10005,20,,,,
1738,9995,29,,,,,10005,29,,,,
1739,9996,1,9995,30,,,10004,1,10005,30,,
1740,9996,1,9995,28,,,10004,1,10005,28,,
1741,9995,20,,,,,10005,20,,,,
1742,9996,1,9995,30,,,10002,2,10004,1,10005,30
1743,9996,1,9995,24,,,10004,1,10005,24,,
1744,10002,1,9996,2,9995,27,10004,2,10005,27,,
1745,10002,1,9996,2,9995,21,10004,2,10005,21,,
1746,9995,28,,,,,10002,1,10005,28,,
1747,9996,1,9995,24,,,10002,5,10004,1,10005,24
1748,9996,1,9995,30,,,10004,1,10005,30,,
1749,9996,1,9995,24,,,10004,1,10005,24,,
1750,9996,1,9995,20,,,10004,1,10005,20,,
1751,9995,23,,,,,10002,3,10005,23,,
1752,9996,2,9995,24,,,9998,4,10002,8,10004,2
1753,9995,22,,,,,10005,22,,,,
1754,9995,27,,,,,10005,27,,,,
1755,9996,1,9995,23,,,10004,1,10005,23,,
1756,9996,1,9995,30,,,10004,1,10005,30,,
1757,9996,2,9995,20,,,10004,2,10005,20,,
1758,9995,26,,,,,10005,26,,,,
1759,9995,20,,,,,10002,6,10005,20,,
1760,9998,7,9996,1,9995,29,10004,1,10005,29,,
1761,9996,2,9995,27,,,10004,2,10005,27,,
1762,9996,1,9995,20,,,10004,1,10005,20,,
1763,9998,5,9995,20,,,10005,20,,,,
1764,9998,3,9996,2,9995,24,10004,2,10005,24,,
1765,9996,2,9995,22,,,9998,4,10004,2,10005,22
1766,9996,2,9995,21,,,9998,1,10004,2,10005,21
1767,9998,6,9996,1,9995,29,10004,1,10005,29,,
1768,9995,26,,,,,10005,26,,,,
1769,9996,2,9995,27,,,10004,2,10005,27,,
1770,9996,1,9995,29,,,10004,1,10005,29,,
1771,9996,2,9995,28,,,10002,8,10004,2,10005,28
1772,9996,2,9995,25,,,10004,2,10005,25,,
1773,9995,30,,,,,9998,1,10005,30,,
1774,9996,1,9995,30,,,10004,1,10005,30,,
1775,9996,2,9995,21,,,10002,4,10004,2,10005,21
1776,9995,29,,,,,10005,29,,,,
1777,9996,1,9995,23,,,10004,1,10005,23,,
1778,9996,2,9995,27,,,10004,2,10005,27,,
1779,9996,2,9995,27,,,10004,2,10005,27,,
1780,9995,23,,,,,10005,23,,,,
1781,9996,2,9995,22,,,10004,2,10005,22,,
1782,9995,21,,,,,10002,8,10005,21,,
1783,9996,2,9995,25,,,10004,2,10005,25,,
1784,9995,23,,,,,10005,23,,,,
1785,9996,2,9995,23,,,10004,2,10005,23,,
1786,9998,3,9996,1,9995,21,10004,1,10005,21,,
1787,9998,4,9996,1,9995,20,10004,1,10005,20,,
1788,9996,2,9995,24,,,10004,2,10005,24,,
1789,9998,3,9995,28,,,10005,28,,,,
1790,9996,2,9995,29,,,10002,7,10004,2,10005,29
1791,9996,2,9995,23,,,10004,2,10005,23,,
1792,9996,1,9995,27,,,10004,1,10005,27,,
1793,9996,2,9995,24,,,10004,2,10005,24,,
1794,10000,5,9996,1,9995,25,10004,1,10005,25,,
1795,10002,1,9998,2,9996,2,10004,2,10005,29,,
1796,9996,2,9995,27,,,10004,2,10005,27,,
1797,9996,2,9995,20,,,10004,2,10005,20,,
1798,9995,28,,,,,10005,28,,,,
1799,10002,4,9996,2,9995,21,10004,2,10005,21,,
1800,9996,1,9995,27,,,9998,1,10002,5,10004,1
1801,9995,21,,,,,10005,21,,,,
1802,9996,1,9995,22,,,10004,1,10005,22,,
1803,9995,20,,,,,9998,1,10005,20,,
1804,9995,27,,,,,10005,27,,,,
1805,9995,26,,,,,10005,26,,,,
1806,10002,1,9996,2,9995,26,10004,2,10005,26,,
1807,9995,27,,,,,10005,27,,,,
1808,9996,1,9995,20,,,10004,1,10005,20,,
1809,9996,1,9995,28,,,10004,1,10005,28,,
1810,9998,9,9995,22,,,10005,22,,,,
1811,9995,23,,,,,10005,23,,,,
1812,9996,2,9995,27,,,10004,2,10005,27,,
1813,9996,1,9995,28,,,10004,1,10005,28,,
1814,9996,1,9995,26,,,10004,1,10005,26,,
1815,9996,2,9995,23,,,10004,2,10005,23,,
1816,10002,3,9996,2,9995,29,10004,2,10005,29,,
1817,9998,7,9996,1,9995,20,10004,1,10005,20,,
1818,9996,1,9995,20,,,10002,5,10004,1,10005,20
1819,9996,2,9995,25,,,10004,2,10005,25,,
1820,9996,2,9995,24,,,10002,6,10004,2,10005,24
1821,9996,1,9995,21,,,10004,1,10005,21,,
1822,9998,7,9995,29,,,10005,29,,,,
1823,9995,23,,,,,10000,2,10005,23,,
1824,9996,1,9995,27,,,10004,1,10005,27,,
1825,10002,1,9996,1,9995,28,10004,1,10005,28,,
1826,9996,2,9995,20,,,10004,2,10005,20,,
1827,9996,2,9995,29,,,10004,2,10005,29,,
1828,9996,2,9995,30,,,10000,5,10004,2,10005,30
1829,9995,20,,,,,10005,20,,,,
1830,10002,1,9996,2,9995,21,10004,2,10005,21,,
1831,9998,1,9995,27,,,10005,27,,,,
1832,9996,1,9995,28,,,9998,4,10004,1,10005,28
1833,9996,2,9995,27,,,10004,2,10005,27,,
1834,9996,2,9995,20,,,9998,2,10004,2,10005,20
1835,9996,2,9995,22,,,10004,2,10005,22,,
1836,9995,26,,,,,10002,8,10005,26,,
1837,9996,1,9995,22,,,10004,1,10005,22,,
1838,9996,2,9995,22,,,10004,2,10005,22,,
1839,9996,2,9995,28,,,10004,2,10005,28,,
1840,9996,1,9995,23,,,10002,4,10004,1,10005,23
1841,9995,26,,,,,10002,6,10005,26,,
1842,9996,1,9995,25,,,10004,1,10005,25,,
1843,9996,2,9995,30,,,10004,2,10005,30,,
1844,9996,2,9995,27,,,10004,2,10005,27,,
1845,9995,21,,,,,10005,21,,,,
1846,9996,2,9995,20,,,10002,8,10004,2,10005,20
1847,9996,1,9995,21,,,10004,1,10005,21,,
1848,9998,5,9996,2,9995,26,10004,2,10005,26,,
1849,9998,2,9996,1,9995,26,10004,1,10005,26,,
1850,9996,1,9995,30,,,10004,1,10005,30,,
1851,9996,1,9995,27,,,10004,1,10005,27,,
1852,9995,22,,,,,10005,22,,,,
1853,9996,2,9995,20,,,10004,2,10005,20,,
1854,9998,8,9995,29,,,10005,29,,,,
1855,9996,2,9995,30,,,10004,2,10005,30,,
1856,9996,2,9995,30,,,10002,9,10004,2,10005,30
1857,9998,1,9995,21,,,10005,21,,,,
1858,9996,2,9995,21,,,10002,2,10004,2,10005,21
1859,9995,24,,,,,10005,24,,,,
1860,9996,2,9995,22,,,10004,2,10005,22,,
1861,9996,2,9995,30,,,10002,10,10004,2,10005,30
1862,9996,1,9995,21,,,10002,5,10004,1,10005,21
1863,9998,8,9996,2,9995,25,10004,2,10005,25,,
1864,9996,1,9995,21,,,9998,1,10004,1,10005,21
1865,9995,26,,,,,10005,26,,,,
1866,9995,28,,,,,10005,28,,,,
1867,9996,1,9995,25,,,9998,2,10004,1,10005,25
1868,9995,23,,,,,10005,23,,,,
1869,9996,2,9995,27,,,10004,2,10005,27,,
1870,9995,30,,,,,10005,30,,,,
1871,9996,2,9995,21,,,10002,9,10004,2,10005,21
1872,9995,23,,,,,9998,2,10005,23,,
1873,9995,23,,,,,10002,9,10005,23,,
1874,9995,27,,,,,10002,10,10005,27,,
1875,9998,1,9996,1,9995,29,10004,1,10005,29,,
1876,10002,10,9996,2,9995,24,10004,2,10005,24,,
1877,9996,2,9995,24,,,10004,2,10005,24,,
1878,9998,8,9995,21,,,10005,21,,,,
1879,9998,4,9996,2,9995,25,10004,2,10005,25,,
1880,9995,27,,,,,10005,27,,,,
1881,9996,1,9995,27,,,10004,1,10005,27,,
1882,9996,1,9995,30,,,9998,1,10000,3,10002,6
1883,9996,1,9995,26,,,10004,1,10005,26,,
1884,9996,1,9995,25,,,10004,1,10005,25,,
1885,9995,29,,,,,10005,29,,,,
1886,9995,24,,,,,10005,24,,,,
1887,9996,2,9995,22,,,10004,2,10005,22,,
1888,9998,1,9995,22,,,10005,22,,,,
1889,9996,1,9995,24,,,9998,5,10004,1,10005,24
1890,9996,1,9995,22,,,10004,1,10005,22,,
1891,9996,2,9995,23,,,10004,2,10005,23,,
1892,9996,2,9995,26,,,10004,2,10005,26,,
1893,9995,22,,,,,10005,22,,,,
1894,9996,2,9995,29,,,10004,2,10005,29,,
1895,9996,2,9995,22,,,10004,2,10005,22,,
1896,10002,8,9998,4,9995,23,10005,23,,,,
1897,9996,1,9995,25,,,9998,1,10004,1,10005,25
1898,9995,23,,,,,9998,1,10005,23,,
1899,9996,2,9995,28,,,10002,3,10004,2,10005,28
1900,9996,1,9995,22,,,9998,1,10004,1,10005,22
1901,9995,26,,,,,10002,4,10005,26,,
1902,9995,30,,,,,9998,1,10005,30,,
1903,9996,2,9995,26,,,10004,2,10005,26,,
1904,9998,9,9996,2,9995,21,10004,2,10005,21,,
1905,9996,2,9995,30,,,10004,2,10005,30,,
1906,9996,2,9995,22,,,10004,2,10005,22,,
1907,9996,2,9995,27,,,10004,2,10005,27,,
1908,9996,2,9995,28,,,10002,4,10004,2,10005,28
1909,9995,26,,,,,10002,9,10005,26,,
1910,9996,2,9995,23,,,10004,2,10005,23,,
1911,9996,1,9995,28,,,10004,1,10005,28,,
1912,9996,2,9995,20,,,10004,2,10005,20,,
1913,9998,5,9996,1,9995,25,10004,1,10005,25,,
1914,9998,1,9995,29,,,10005,29,,,,
1915,9998,5,9996,2,9995,27,10004,2,10005,27,,
1916,9996,1,9995,27,,,10004,1,10005,27,,
1917,9995,28,,,,,10005,28,,,,
1918,9995,28,,,,,10002,3,10005,28,,
1919,9996,2,9995,23,,,10004,2,10005,23,,
1920,9996,2,9995,27,,,10004,2,10005,27,,
1921,9996,2,9995,23,,,10004,2,10005,23,,
1922,9995,27,,,,,10005,27,,,,
1923,9995,26,,,,,10005,26,,,,
1924,9995,27,,,,,10005,27,,,,
1925,9996,2,9995,23,,,10004,2,10005,23,,
1926,9996,2,9995,27,,,10004,2,10005,27,,
1927,9996,1,9995,24,,,10002,4,10004,1,10005,24
1928,9995,20,,,,,10005,20,,,,
1929,10000,2,9998,10,9995,26,10005,26,,,,
1930,9995,28,,,,,10000,3,10005,28,,
1931,9996,1,9995,26,,,10004,1,10005,26,,
1932,9995,22,,,,,10002,7,10005,22,,
1933,9996,2,9995,24,,,10002,2,10004,2,10005,24
1934,9995,24,,,,,10005,24,,,,
1935,9996,1,9995,23,,,10004,1,10005,23,,
1936,9996,1,9995,24,,,10004,1,10005,24,,
1937,9995,21,,,,,10005,21,,,,
1938,9998,1,9996,2,9995,21,10004,2,10005,21,,
1939,9996,2,9995,29,,,10004,2,10005,29,,
1940,9996,1,9995,27,,,10004,1,10005,27,,
1941,9996,2,9995,29,,,10002,9,10004,2,10005,29
1942,10002,1,9996,2,9995,24,10004,2,10005,24,,
1943,9996,1,9995,25,,,10004,1,10005,25,,
1944,10002,7,9996,2,9995,29,10004,2,10005,29,,
1945,9996,1,9995,20,,,10004,1,10005,20,,
1946,9996,2,9995,28,,,10004,2,10005,28,,
1947,9995,28,,,,,10005,28,,,,
1948,9995,30,,,,,10005,30,,,,
1949,9995,25,,,,,10005,25,,,,
1950,10002,1,9998,8,9996,1,10004,1,10005,26,,
1951,9996,1,9995,28,,,10004,1,10005,28,,
1952,9995,21,,,,,9998,9,10005,21,,
1953,9996,1,9995,29,,,10004,1,10005,29,,
1954,9998,5,9995,25,,,10005,25,,,,
1955,10002,1,9996,1,9995,20,10004,1,10005,20,,
1956,9998,8,9996,2,9995,20,10004,2,10005,20,,
1957,9998,8,9996,1,9995,28,10004,1,10005,28,,
1958,9996,1,9995,29,,,10002,3,10004,1,10005,29
1959,9996,2,9995,22,,,10004,2,10005,22,,
1960,9995,30,,,,,10005,30,,,,
1961,9996,1,9995,27,,,10004,1,10005,27,,
1962,9996,2,9995,23,,,10002,9,10004,2,10005,23
1963,9998,9,9996,2,9995,24,10004,2,10005,24,,
1964,9998,7,9995,22,,,10000,6,10005,22,,
1965,9995,20,,,,,10005,20,,,,
1966,9995,24,,,,,10005,24,,,,
1967,9998,10,9996,2,9995,21,10004,2,10005,21,,
1968,10000,6,9996,2,9995,26,10004,2,10005,26,,
1969,9995,26,,,,,10005,26,,,,
1970,9996,1,9995,20,,,9998,1,10004,1,10005,20
1971,10002,1,9996,1,9995,23,10004,1,10005,23,,
1972,9995,26,,,,,10005,26,,,,
1973,9998,4,9996,1,9995,27,10004,1,10005,27,,
1974,9996,1,9995,20,,,9998,1,10004,1,10005,20
1975,9998,5,9996,2,9995,23,10004,2,10005,23,,
1976,9996,1,9995,25,,,10002,1,10004,1,10005,25
1977,9995,23,,,,,10002,10,10005,23,,
1978,9996,1,9995,21,,,10004,1,10005,21,,
1979,9996,2,9995,24,,,10004,2,10005,24,,
1980,9995,28,,,,,10005,28,,,,
1981,9996,1,9995,22,,,10002,5,10004,1,10005,22
1982,9996,2,9995,29,,,10002,2,10004,2,10005,29
1983,9996,2,9995,22,,,10002,7,10004,2,10005,22
1984,9998,2,9995,30,,,10005,30,,,,
1985,9996,2,9995,30,,,10002,4,10004,2,10005,30
1986,9996,1,9995,24,,,10004,1,10005,24,,
1987,9998,5,9995,22,,,10005,22,,,,
1988,9995,28,,,,,10005,28,,,,
1989,9996,1,9995,22,,,10002,2,10004,1,10005,22
1990,9996,2,9995,30,,,10004,2,10005,30,,
1991,9996,2,9995,21,,,10004,2,10005,21,,
1992,9996,2,9995,29,,,10004,2,10005,29,,
1993,9996,1,9995,29,,,10004,1,10005,29,,
1994,10002,4,9995,25,,,10005,25,,,,
1995,9996,1,9995,21,,,9998,2,10004,1,10005,21
1996,9995,28,,,,,10005,28,,,,
1997,10002,1,9996,2,9995,28,10004,2,10005,28,,
1998,9996,1,9995,27,,,10004,1,10005,27,,
1999,9998,9,9995,25,,,10005,25,,,,
2000,9995,24,,,,,10002,10,10005,24,,
2001,10002,5,9998,8,9996,2,10004,2,10005,30,,
2002,9995,29,,,,,9998,12,10005,29,,
2003,9998,8,9996,2,9995,24,10004,2,10005,24,,
2004,9996,2,9995,29,,,10004,2,10005,29,,
2005,9996,1,9995,28,,,10004,1,10005,28,,
2006,9995,22,,,,,10000,4,10005,22,,
2007,10002,1,9995,29,,,10005,29,,,,
2008,9995,24,,,,,10002,3,10005,24,,
2009,9996,1,9995,28,,,10002,6,10004,1,10005,28
2010,10000,2,9996,2,9995,25,10004,2,10005,25,,
2011,9995,25,,,,,10005,25,,,,
2012,9996,1,9995,27,,,10002,10,10004,1,10005,27
2013,9995,22,,,,,10005,22,,,,
2014,9996,2,9995,29,,,10002,3,10004,2,10005,29
2015,9995,20,,,,,10002,2,10005,20,,
2016,9995,21,,,,,10002,5,10005,21,,
2017,9996,2,9995,27,,,10002,5,10004,2,10005,27
2018,9996,1,9995,21,,,9998,3,10004,1,10005,21
2019,10002,1,9998,5,9996,1,10004,1,10005,30,,
2020,10002,3,9998,10,9995,28,10005,28,,,,
2021,9998,10,9996,2,9995,22,10004,2,10005,22,,
2022,10002,5,10000,5,9995,21,10005,21,,,,
2023,9995,30,,,,,10002,8,10005,30,,
2024,9996,1,9995,27,,,10004,1,10005,27,,
2025,10002,1,9998,3,9996,2,10004,2,10005,21,,
2026,10002,4,9996,1,9995,28,10004,1,10005,28,,
2027,9995,22,,,,,10005,22,,,,
2028,9995,22,,,,,10002,1,10005,22,,
2029,9995,28,,,,,10005,28,,,,
2030,9998,2,9995,24,,,10005,24,,,,
2031,9998,1,9996,1,9995,23,10004,1,10005,23,,
2032,9996,2,9995,23,,,10004,2,10005,23,,
2033,9996,2,9995,23,,,10000,2,10004,2,10005,23
2034,9996,1,9995,29,,,10002,10,10004,1,10005,29
2035,9996,1,9995,28,,,10002,4,10004,1,10005,28
2036,9995,26,,,,,10005,26,,,,
2037,9998,1,9996,1,9995,22,10004,1,10005,22,,
2038,10000,6,9995,21,,,10005,21,,,,
2039,10002,9,9996,1,9995,26,10004,1,10005,26,,
2040,9998,10,9995,30,,,10005,30,,,,
2041,9998,6,9996,1,9995,20,10004,1,10005,20,,
2042,9995,25,,,,,10005,25,,,,
2043,9996,1,9995,20,,,10004,1,10005,20,,
2044,9998,7,9996,1,9995,29,10004,1,10005,29,,
2045,10002,1,9996,1,9995,20,10004,1,10005,20,,
2046,9996,2,9995,29,,,10004,2,10005,29,,
2047,9995,24,,,,,10002,10,10005,24,,
2048,9996,1,9995,26,,,10004,1,10005,26,,
2049,9995,28,,,,,10005,28,,,,
2050,9996,2,9995,26,,,10004,2,10005,26,,
2051,9995,22,,,,,10005,22,,,,
2052,9998,1,9996,2,9995,26,10004,2,10005,26,,
2053,9996,2,9995,20,,,10004,2,10005,20,,
2054,9998,7,9995,23,,,10005,23,,,,
2055,9995,29,,,,,10002,2,10005,29,,
2056,9996,1,9995,23,,,10004,1,10005,23,,
2057,9996,1,9995,29,,,9998,1,10004,1,10005,29
2058,9995,29,,,,,10002,1,10005,29,,
2059,9996,1,9995,27,,,9998,1,10004,1,10005,27
2060,9995,28,,,,,10005,28,,,,
2061,9998,4,9995,28,,,10005,28,,,,
2062,9998,10,9996,2,9995,23,10004,2,10005,23,,
2063,9996,1,9995,27,,,10004,1,10005,27,,
2064,9996,2,9995,23,,,10002,4,10004,2,10005,23
2065,9998,3,9996,1,9995,29,10004,1,10005,29,,
2066,9998,3,9995,27,,,10005,27,,,,
2067,9996,2,9995,25,,,10004,2,10005,25,,
2068,9996,2,9995,21,,,10002,7,10004,2,10005,21
2069,9996,1,9995,27,,,10002,6,10004,1,10005,27
2070,9995,23,,,,,9998,1,10002,5,10005,23
2071,9996,2,9995,24,,,10004,2,10005,24,,
2072,10000,2,9995,27,,,10002,8,10005,27,,
2073,9996,1,9995,26,,,10004,1,10005,26,,
2074,9996,2,9995,28,,,10004,2,10005,28,,
2075,9996,2,9995,21,,,10004,2,10005,21,,
2076,9995,30,,,,,10005,30,,,,
2077,9998,10,9996,1,9995,30,10004,1,10005,30,,
2078,9998,10,9995,24,,,10005,24,,,,
2079,10002,5,9998,10,9995,20,10005,20,,,,
2080,10002,6,9998,10,9996,1,10004,1,10005,24,,
2081,9996,1,9995,30,,,9998,1,10004,1,10005,30
2082,9996,1,9995,27,,,9998,1,10004,1,10005,27
2083,10002,2,9996,2,9995,21,10004,2,10005,21,,
2084,9996,1,9995,23,,,10002,4,10004,1,10005,23
2085,9995,20,,,,,9998,4,10005,20,,
2086,10002,3,9996,1,9995,28,10004,1,10005,28,,
2087,9998,3,9996,2,9995,24,10004,2,10005,24,,
2088,9995,26,,,,,10005,26,,,,
2089,9996,2,9995,25,,,10000,2,10004,2,10005,25
2090,9998,4,9996,2,9995,24,10004,2,10005,24,,
2091,9996,2,9995,25,,,10004,2,10005,25,,
2092,9998,1,9996,2,9995,24,10004,2,10005,24,,
2093,9996,2,9995,30,,,10004,2,10005,30,,
2094,9996,2,9995,30,,,10004,2,10005,30,,
2095,9996,1,9995,23,,,10002,7,10004,1,10005,23
2096,9995,26,,,,,10005,26,,,,
2097,9996,2,9995,27,,,10004,2,10005,27,,
2098,9996,2,9995,22,,,10004,2,10005,22,,
2099,9995,29,,,,,9998,1,10005,29,,
2100,9996,1,9995,26,,,10002,9,10004,1,10005,26
2101,9995,24,,,,,10005,24,,,,
2102,9996,1,9995,28,,,10004,1,10005,28,,
2103,9996,2,9995,30,,,10002,1,10004,2,10005,30
2104,9996,1,9995,26,,,10004,1,10005,26,,
2105,9996,2,9995,20,,,9998,1,10002,3,10004,2
2106,9995,24,,,,,10005,24,,,,
2107,9996,2,9995,28,,,10002,5,10004,2,10005,28
2108,9996,1,9995,25,,,10002,6,10004,1,10005,25
2109,9996,2,9995,24,,,10004,2,10005,24,,
2110,9996,2,9995,20,,,10004,2,10005,20,,
2111,9995,24,,,,,10002,5,10005,24,,
2112,9995,28,,,,,10002,7,10005,28,,
2113,9995,27,,,,,9998,1,10005,27,,
2114,9996,2,9995,21,,,10004,2,10005,21,,
2115,9996,2,9995,28,,,10004,2,10005,28,,
2116,9995,30,,,,,10005,30,,,,
2117,9996,2,9995,30,,,10004,2,10005,30,,
2118,9996,1,9995,21,,,10004,1,10005,21,,
2119,9996,2,9995,22,,,10004,2,10005,22,,
2120,9998,9,9995,24,,,10005,24,,,,
2121,9995,20,,,,,10005,20,,,,
2122,9998,7,9996,1,9995,23,10004,1,10005,23,,
2123,9996,2,9995,21,,,9998,7,10000,5,10004,2
2124,9995,22,,,,,10005,22,,,,
2125,9996,1,9995,24,,,10004,1,10005,24,,
2126,9995,29,,,,,10005,29,,,,
2127,9996,1,9995,20,,,10004,1,10005,20,,
2128,9995,20,,,,,10005,20,,,,
2129,9996,1,9995,25,,,10004,1,10005,25,,
2130,9995,30,,,,,9998,1,10005,30,,
2131,9995,26,,,,,10002,3,10005,26,,
2132,9995,20,,,,,10005,20,,,,
2133,9998,4,9995,25,,,10005,25,,,,
2134,9996,2,9995,30,,,10002,8,10004,2,10005,30
2135,9995,23,,,,,10005,23,,,,
2136,9995,21,,,,,10005,21,,,,
2137,9996,1,9995,28,,,10004,1,10005,28,,
2138,9996,2,9995,29,,,10004,2,10005,29,,
2139,9996,2,9995,20,,,9998,3,10002,6,10004,2
2140,9996,1,9995,23,,,10004,1,10005,23,,
2141,9995,23,,,,,9998,2,10005,23,,
2142,9996,2,9995,27,,,10004,2,10005,27,,
2143,9998,6,9996,2,9995,23,10004,2,10005,23,,
2144,9998,3,9996,1,9995,20,10004,1,10005,20,,
2145,9998,1,9996,1,9995,23,10004,1,10005,23,,
2146,9995,26,,,,,10005,26,,,,
2147,9996,2,9995,26,,,10004,2,10005,26,,
2148,9998,7,9996,2,9995,26,10004,2,10005,26,,
2149,9996,2,9995,20,,,10002,9,10004,2,10005,20
2150,9996,2,9995,25,,,10002,2,10004,2,10005,25
2151,9996,1,9995,25,,,9998,1,10002,6,10004,1
2152,9995,20,,,,,10005,20,,,,
2153,9996,2,9995,23,,,10004,2,10005,23,,
2154,10002,2,9996,2,9995,28,10004,2,10005,28,,
2155,9996,1,9995,26,,,10004,1,10005,26,,
2156,9996,1,9995,28,,,10004,1,10005,28,,
2157,9996,1,9995,20,,,10004,1,10005,20,,
2158,9995,28,,,,,10005,28,,,,
2159,10002,5,9995,27,,,10005,27,,,,
2160,9995,28,,,,,10005,28,,,,
2161,9996,1,9995,30,,,10002,6,10004,1,10005,30
2162,9998,7,9995,23,,,10005,23,,,,
2163,9996,1,9995,21,,,10004,1,10005,21,,
2164,9995,25,,,,,10002,3,10005,25,,
2165,9996,2,9995,22,,,10000,2,10004,2,10005,22
2166,9995,25,,,,,9998,1,10005,25,,
2167,9995,24,,,,,10005,24,,,,
2168,9996,1,9995,27,,,10004,1,10005,27,,
2169,9996,1,9995,21,,,10004,1,10005,21,,
2170,9998,2,9996,1,9995,21,10004,1,10005,21,,
2171,9996,1,9995,22,,,10004,1,10005,22,,
2172,10002,1,9996,2,9995,25,10004,2,10005,25,,
2173,9996,2,9995,24,,,10004,2,10005,24,,
2174,10002,1,9995,22,,,10005,22,,,,
2175,9996,1,9995,22,,,10004,1,10005,22,,
2176,9995,24,,,,,10002,3,10005,24,,
2177,9996,1,9995,27,,,10002,2,10004,1,10005,27
2178,9996,1,9995,29,,,10004,1,10005,29,,
2179,9996,1,9995,25,,,10004,1,10005,25,,
2180,9996,1,9995,23,,,10002,1,10004,1,10005,23
2181,9996,1,9995,29,,,10004,1,10005,29,,
2182,9996,2,9995,25,,,10004,2,10005,25,,
2183,9996,1,9995,24,,,10002,4,10004,1,10005,24
2184,9996,1,9995,26,,,10002,10,10004,1,10005,26
2185,9998,2,9996,2,9995,23,10004,2,10005,23,,
2186,9996,1,9995,30,,,10004,1,10005,30,,
2187,9998,1,9995,27,,,10005,27,,,,
2188,9996,1,9995,21,,,10004,1,10005,21,,
2189,9996,1,9995,30,,,10004,1,10005,30,,
2190,9996,2,9995,23,,,10004,2,10005,23,,
2191,9996,1,9995,25,,,10004,1,10005,25,,
2192,9996,1,9995,22,,,10002,6,10004,1,10005,22
2193,9996,2,9995,20,,,10004,2,10005,20,,
2194,9998,4,9996,2,9995,21,10004,2,10005,21,,
2195,9996,1,9995,27,,,10004,1,10005,27,,
2196,9998,5,9995,20,,,10005,20,,,,
2197,9998,2,9996,2,9995,26,10004,2,10005,26,,
2198,9995,26,,,,,9998,4,10002,1,10005,26
2199,9995,26,,,,,10005,26,,,,
2200,9996,1,9995,25,,,10004,1,10005,25,,
2201,9996,1,9995,29,,,10004,1,10005,29,,
2202,9996,1,9995,23,,,10002,1,10004,1,10005,23
2203,9996,2,9995,30,,,10002,5,10004,2,10005,30
2204,10002,4,9998,8,9996,1,10004,1,10005,29,,
2205,9998,4,9996,1,9995,21,10004,1,10005,21,,
2206,9996,2,9995,21,,,10004,2,10005,21,,
2207,9996,1,9995,20,,,9998,5,10002,3,10004,1
2208,9996,1,9995,21,,,10004,1,10005,21,,
2209,9996,2,9995,25,,,10004,2,10005,25,,
2210,9995,30,,,,,10005,30,,,,
2211,9996,2,9995,28,,,10002,5,10004,2,10005,28
2212,10002,1,9995,21,,,10005,21,,,,
2213,9996,1,9995,29,,,10004,1,10005,29,,
2214,9996,1,9995,25,,,10004,1,10005,25,,
2215,9996,1,9995,28,,,10004,1,10005,28,,
2216,10002,3,9996,1,9995,26,10004,1,10005,26,,
2217,9996,2,9995,22,,,10004,2,10005,22,,
2218,9998,5,9996,2,9995,22,10004,2,10005,22,,
2219,9996,2,9995,22,,,10002,4,10004,2,10005,22
2220,9996,2,9995,24,,,10004,2,10005,24,,
2221,10002,1,9996,2,9995,20,10004,2,10005,20,,
2222,9995,23,,,,,9998,3,10005,23,,
2223,9995,20,,,,,9998,1,10005,20,,
2224,9996,2,9995,28,,,10004,2,10005,28,,
2225,9996,1,9995,29,,,10004,1,10005,29,,
2226,9996,2,9995,29,,,10004,2,10005,29,,
2227,10002,5,9995,22,,,10005,22,,,,
2228,9995,22,,,,,10005,22,,,,
2229,9996,2,9995,30,,,10004,2,10005,30,,
2230,9996,1,9995,22,,,10002,8,10004,1,10005,22
2231,10000,2,9995,26,,,10002,6,10005,26,,
2232,9996,2,9995,23,,,10004,2,10005,23,,
2233,9998,6,9996,1,9995,24,10004,1,10005,24,,
2234,9996,1,9995,28,,,10004,1,10005,28,,
2235,9996,2,9995,21,,,10004,2,10005,21,,
2236,9996,1,9995,21,,,10002,3,10004,1,10005,21
2237,10002,8,9995,26,,,10005,26,,,,
2238,10002,1,9996,2,9995,24,10004,2,10005,24,,
2239,9995,30,,,,,10005,30,,,,
2240,9995,23,,,,,10005,23,,,,
2241,9998,5,9996,1,9995,25,10004,1,10005,25,,
2242,9996,2,9995,22,,,10002,4,10004,2,10005,22
2243,9998,8,9996,2,9995,21,10004,2,10005,21,,
2244,9995,30,,,,,10005,30,,,,
2245,10002,1,9995,26,,,10005,26,,,,
2246,9998,7,9996,1,9995,20,10004,1,10005,20,,
2247,9998,7,9996,2,9995,24,10004,2,10005,24,,
2248,9998,2,9996,1,9995,20,10004,1,10005,20,,
2249,9996,1,9995,20,,,10004,1,10005,20,,
2250,9996,1,9995,24,,,9998,1,10004,1,10005,24
2251,9996,1,9995,25,,,10002,7,10004,1,10005,25
2252,9996,1,9995,30,,,10004,1,10005,30,,
2253,9995,20,,,,,10005,20,,,,
2254,9996,2,9995,20,,,9998,1,10004,2,10005,20
2255,9995,26,,,,,10002,5,10005,26,,
2256,9996,2,9995,25,,,10004,2,10005,25,,
2257,10002,1,9998,2,9996,1,10004,1,10005,24,,
2258,9996,1,9995,21,,,10004,1,10005,21,,
2259,9996,1,9995,25,,,10004,1,10005,25,,
2260,9996,1,9995,20,,,9998,4,10002,9,10004,1
2261,9996,1,9995,20,,,9998,4,10004,1,10005,20
2262,9995,22,,,,,10005,22,,,,
2263,9996,2,9995,27,,,10004,2,10005,27,,
2264,10002,1,9998,8,9995,23,10005,23,,,,
2265,9996,2,9995,30,,,10004,2,10005,30,,
2266,9996,2,9995,26,,,10004,2,10005,26,,
2267,9998,9,9996,2,9995,29,10004,2,10005,29,,
2268,9996,1,9995,27,,,10004,1,10005,27,,
2269,9996,1,9995,29,,,10002,9,10004,1,10005,29
2270,9998,1,9996,1,9995,25,10004,1,10005,25,,
2271,9996,2,9995,23,,,10004,2,10005,23,,
2272,9996,1,9995,30,,,10004,1,10005,30,,
2273,9995,30,,,,,9998,1,10005,30,,
2274,9995,29,,,,,10005,29,,,,
2275,9995,25,,,,,10005,25,,,,
2276,9996,1,9995,25,,,10004,1,10005,25,,
2277,9996,2,9995,20,,,10004,2,10005,20,,
2278,9996,1,9995,20,,,10004,1,10005,20,,
2279,9996,1,9995,26,,,10004,1,10005,26,,
2280,9998,3,9995,24,,,10005,24,,,,
2281,9998,6,9996,2,9995,30,10004,2,10005,30,,
2282,9995,27,,,,,10002,4,10005,27,,
2283,9996,2,9995,26,,,10004,2,10005,26,,
2284,9996,1,9995,22,,,10004,1,10005,22,,
2285,9998,8,9995,29,,,10005,29,,,,
2286,9996,2,9995,20,,,10004,2,10005,20,,
2287,9996,1,9995,30,,,10004,1,10005,30,,
2288,9995,24,,,,,10002,10,10005,24,,
2289,9996,2,9995,29,,,10002,5,10004,2,10005,29
2290,9995,25,,,,,10005,25,,,,
2291,9995,22,,,,,10005,22,,,,
2292,9996,1,9995,23,,,9998,1,10004,1,10005,23
2293,9996,1,9995,30,,,10004,1,10005,30,,
2294,9996,1,9995,23,,,9998,1,10004,1,10005,23
2295,9995,29,,,,,10005,29,,,,
2296,10000,3,9995,26,,,10002,8,10005,26,,
2297,9996,2,9995,25,,,10004,2,10005,25,,
2298,9995,30,,,,,10002,3,10005,30,,
2299,9996,2,9995,26,,,9998,1,10004,2,10005,26
2300,9996,1,9995,30,,,10004,1,10005,30,,
2301,9996,2,9995,29,,,9998,1,10004,2,10005,29
2302,9996,1,9995,23,,,10004,1,10005,23,,
2303,9996,1,9995,21,,,10004,1,10005,21,,
2304,9996,1,9995,23,,,10002,10,10004,1,10005,23
2305,9996,2,9995,20,,,10004,2,10005,20,,
2306,9996,1,9995,20,,,10004,1,10005,20,,
2307,9996,2,9995,25,,,10004,2,10005,25,,
2308,9995,29,,,,,10005,29,,,,
2309,9998,1,9996,2,9995,28,10004,2,10005,28,,
2310,9995,25,,,,,10005,25,,,,
2311,9996,2,9995,20,,,10000,5,10004,2,10005,20
2312,9998,3,9996,2,9995,26,10004,2,10005,26,,
2313,9998,5,9995,26,,,10005,26,,,,
2314,9996,1,9995,27,,,10004,1,10005,27,,
2315,9996,2,9995,28,,,10004,2,10005,28,,
2316,9995,29,,,,,10002,5,10005,29,,
2317,9996,2,9995,30,,,10000,4,10004,2,10005,30
2318,9995,29,,,,,10005,29,,,,
2319,9996,1,9995,28,,,10004,1,10005,28,,
2320,9998,10,9996,2,9995,26,10004,2,10005,26,,
2321,10002,1,9996,1,9995,25,10004,1,10005,25,,
2322,9996,2,9995,23,,,9998,5,10004,2,10005,23
2323,9995,28,,,,,10002,10,10005,28,,
2324,9996,2,9995,26,,,10004,2,10005,26,,
2325,9996,2,9995,28,,,10004,2,10005,28,,
2326,9996,2,9995,21,,,9998,3,10004,2,10005,21
2327,9996,1,9995,26,,,10004,1,10005,26,,
2328,9998,8,9995,24,,,10005,24,,,,
2329,9995,26,,,,,10005,26,,,,
2330,9995,20,,,,,10005,20,,,,
2331,9996,1,9995,25,,,10004,1,10005,25,,
2332,10002,5,9996,2,9995,29,10004,2,10005,29,,
2333,9996,1,9995,21,,,10004,1,10005,21,,
2334,9996,1,9995,27,,,9998,4,10004,1,10005,27
2335,9995,20,,,,,10005,20,,,,
2336,9995,26,,,,,10002,9,10005,26,,
2337,9996,1,9995,30,,,10004,1,10005,30,,
2338,9996,2,9995,23,,,10004,2,10005,23,,
2339,10000,6,9995,25,,,10002,2,10005,25,,
2340,9996,2,9995,29,,,10004,2,10005,29,,
2341,9996,2,9995,28,,,10004,2,10005,28,,
2342,9996,2,9995,24,,,10004,2,10005,24,,
2343,9995,28,,,,,10005,28,,,,
2344,9998,10,9996,1,9995,27,10004,1,10005,27,,
2345,9996,1,9995,24,,,9998,1,10004,1,10005,24
2346,9995,29,,,,,10005,29,,,,
2347,9996,1,9995,21,,,10004,1,10005,21,,
2348,9998,5,9996,1,9995,28,10004,1,10005,28,,
2349,9996,2,9995,22,,,10002,4,10004,2,10005,22
2350,9995,25,,,,,9998,6,10005,25,,
2351,9996,2,9995,23,,,10004,2,10005,23,,
2352,9995,27,,,,,10005,27,,,,
2353,9995,24,,,,,10005,24,,,,
2354,9998,7,9995,23,,,10005,23,,,,
2355,9996,2,9995,27,,,10002,3,10004,2,10005,27
2356,9998,1,9996,2,9995,23,10004,2,10005,23,,
2357,9996,1,9995,21,,,10004,1,10005,21,,
2358,9996,2,9995,20,,,10004,2,10005,20,,
2359,9996,2,9995,22,,,10004,2,10005,22,,
2360,9996,2,9995,28,,,10004,2,10005,28,,
2361,9996,2,9995,30,,,10004,2,10005,30,,
2362,9996,1,9995,29,,,9998,1,10004,1,10005,29
2363,9995,25,,,,,10002,1,10005,25,,
2364,9996,1,9995,26,,,9998,1,10004,1,10005,26
2365,9995,29,,,,,10002,3,10005,29,,
2366,9995,29,,,,,10002,1,10005,29,,
2367,9995,21,,,,,10005,21,,,,
2368,9996,1,9995,22,,,9998,1,10002,3,10004,1
2369,9998,1,9996,1,9995,24,10004,1,10005,24,,
2370,9996,1,9995,25,,,9998,4,10004,1,10005,25
2371,9996,2,9995,26,,,10002,10,10004,2,10005,26
2372,9995,24,,,,,10005,24,,,,
2373,9996,2,9995,23,,,10004,2,10005,23,,
2374,9995,30,,,,,9998,1,10005,30,,
2375,10000,6,9995,26,,,10005,26,,,,
2376,9995,22,,,,,10005,22,,,,
2377,9998,6,9996,1,9995,27,10004,1,10005,27,,
2378,9996,2,9995,30,,,10004,2,10005,30,,
2379,9996,2,9995,21,,,10002,7,10004,2,10005,21
2380,9996,1,9995,25,,,10004,1,10005,25,,
2381,9996,1,9995,25,,,10004,1,10005,25,,
2382,9996,2,9995,22,,,10004,2,10005,22,,
2383,9998,5,9996,2,9995,20,10004,2,10005,20,,
2384,9995,23,,,,,10005,23,,,,
2385,9996,2,9995,22,,,10004,2,10005,22,,
2386,9996,1,9995,22,,,10004,1,10005,22,,
2387,10002,1,9996,1,9995,28,10004,1,10005,28,,
2388,10000,4,9996,2,9995,23,10004,2,10005,23,,
2389,9995,21,,,,,10005,21,,,,
2390,9996,1,9995,23,,,10004,1,10005,23,,
2391,9996,1,9995,25,,,10002,3,10004,1,10005,25
2392,9996,2,9995,22,,,10004,2,10005,22,,
2393,9996,1,9995,25,,,10004,1,10005,25,,
2394,9996,1,9995,22,,,10004,1,10005,22,,
2395,9995,30,,,,,10005,30,,,,
2396,9996,2,9995,21,,,10004,2,10005,21,,
2397,9996,2,9995,23,,,10004,2,10005,23,,
2398,9998,2,9996,2,9995,27,10004,2,10005,27,,
2399,9995,29,,,,,10002,6,10005,29,,
2400,9996,1,9995,27,,,10004,1,10005,27,,
2401,9996,2,9995,28,,,10004,2,10005,28,,
2402,9996,2,9995,29,,,10000,2,10002,9,10004,2
2403,9998,10,9995,28,,,10005,28,,,,
2404,9996,1,9995,21,,,10004,1,10005,21,,
2405,9996,1,9995,27,,,10002,10,10004,1,10005,27
2406,9996,1,9995,29,,,10002,7,10004,1,10005,29
2407,10000,5,9995,23,,,10005,23,,,,
2408,9996,2,9995,26,,,10004,2,10005,26,,
2409,9996,1,9995,24,,,10002,2,10004,1,10005,24
2410,9996,2,9995,20,,,9998,5,10004,2,10005,20
2411,9996,2,9995,30,,,10004,2,10005,30,,
2412,9996,2,9995,25,,,10004,2,10005,25,,
2413,9998,2,9996,2,9995,24,10004,2,10005,24,,
2414,9998,9,9996,1,9995,27,10004,1,10005,27,,
2415,9995,30,,,,,10005,30,,,,
2416,9996,1,9995,22,,,10004,1,10005,22,,
2417,9998,3,9996,1,9995,28,10004,1,10005,28,,
2418,9996,2,9995,28,,,9998,8,10004,2,10005,28
2419,10002,1,9998,2,9996,1,10004,1,10005,23,,
2420,9995,30,,,,,9998,1,10005,30,,
2421,10000,5,9998,5,9996,2,10004,2,10005,30,,
2422,9996,1,9995,20,,,10004,1,10005,20,,
2423,9996,2,9995,26,,,10000,3,10004,2,10005,26
2424,9996,1,9995,28,,,10004,1,10005,28,,
2425,9995,23,,,,,10002,6,10005,23,,
2426,9996,2,9995,29,,,10000,4,10004,2,10005,29
2427,9998,4,9996,2,9995,30,10004,2,10005,30,,
2428,9996,1,9995,26,,,10004,1,10005,26,,
2429,9995,22,,,,,10002,2,10005,22,,
2430,9995,22,,,,,10002,3,10005,22,,
2431,9996,1,9995,20,,,10004,1,10005,20,,
2432,9995,30,,,,,10005,30,,,,
2433,9996,2,9995,30,,,10004,2,10005,30,,
2434,9996,1,9995,20,,,10004,1,10005,20,,
2435,10002,1,9996,2,9995,22,10004,2,10005,22,,
2436,9998,7,9996,2,9995,30,10004,2,10005,30,,
2437,9995,30,,,,,10005,30,,,,
2438,9996,2,9995,28,,,10002,6,10004,2,10005,28
2439,9995,26,,,,,9998,1,10002,1,10005,26
2440,9998,8,9996,2,9995,29,10004,2,10005,29,,
2441,9996,1,9995,28,,,10004,1,10005,28,,
2442,9998,8,9995,29,,,10005,29,,,,
2443,9996,2,9995,30,,,9998,1,10000,6,10004,2
2444,9996,1,9995,20,,,10004,1,10005,20,,
2445,9996,1,9995,20,,,10004,1,10005,20,,
2446,9995,21,,,,,10005,21,,,,
2447,9996,2,9995,20,,,10002,7,10004,2,10005,20
2448,9995,29,,,,,10005,29,,,,
2449,9998,2,9996,1,9995,20,10004,1,10005,20,,
2450,9996,1,9995,27,,,10002,9,10004,1,10005,27
2451,9996,1,9995,20,,,10002,4,10004,1,10005,20
2452,9996,2,9995,30,,,10002,5,10004,2,10005,30
2453,10002,1,9996,2,9995,27,10004,2,10005,27,,
2454,9995,30,,,,,10005,30,,,,
2455,9996,2,9995,27,,,10002,10,10004,2,10005,27
2456,9995,20,,,,,10005,20,,,,
2457,9995,20,,,,,10002,8,10005,20,,
2458,9996,1,9995,28,,,10004,1,10005,28,,
2459,9996,1,9995,28,,,10004,1,10005,28,,
2460,9996,1,9995,30,,,10004,1,10005,30,,
2461,9995,24,,,,,10005,24,,,,
2462,9996,1,9995,23,,,10004,1,10005,23,,
2463,9996,2,9995,26,,,10004,2,10005,26,,
2464,9996,2,9995,29,,,10004,2,10005,29,,
2465,10002,1,9996,1,9995,24,10004,1,10005,24,,
2466,9995,27,,,,,10005,27,,,,
2467,9995,30,,,,,10005,30,,,,
2468,9996,2,9995,27,,,10004,2,10005,27,,
2469,9996,1,9995,26,,,10004,1,10005,26,,
2470,10002,5,9996,2,9995,25,10004,2,10005,25,,
2471,9998,9,9995,30,,,10005,30,,,,
2472,9996,1,9995,25,,,10002,9,10004,1,10005,25
2473,9996,1,9995,24,,,10002,5,10004,1,10005,24
2474,9996,1,9995,29,,,10004,1,10005,29,,
2475,9995,27,,,,,9998,8,10005,27,,
2476,9995,23,,,,,10005,23,,,,
2477,9996,2,9995,30,,,10002,4,10004,2,10005,30
2478,9996,2,9995,21,,,10004,2,10005,21,,
2479,9996,2,9995,25,,,10004,2,10005,25,,
2480,9996,2,9995,23,,,10004,2,10005,23,,
2481,9998,8,9996,2,9995,24,10004,2,10005,24,,
2482,9996,2,9995,21,,,10004,2,10005,21,,
2483,9998,5,9995,25,,,10005,25,,,,
2484,9995,22,,,,,10005,22,,,,
2485,9995,23,,,,,10005,23,,,,
2486,9995,28,,,,,10005,28,,,,
2487,9995,20,,,,,10005,20,,,,
2488,9996,1,9995,23,,,10002,1,10004,1,10005,23
2489,9998,10,9996,1,9995,25,10004,1,10005,25,,
2490,9996,2,9995,20,,,10004,2,10005,20,,
2491,9996,1,9995,21,,,9998,1,10004,1,10005,21
2492,9996,2,9995,22,,,10004,2,10005,22,,
2493,9995,30,,,,,10005,30,,,,
2494,9995,30,,,,,9998,4,10002,10,10005,30
2495,9998,8,9996,1,9995,24,10004,1,10005,24,,
2496,9996,2,9995,24,,,10004,2,10005,24,,
2497,9996,1,9995,23,,,10002,3,10004,1,10005,23
2498,9996,1,9995,21,,,10004,1,10005,21,,
2499,9995,30,,,,,10002,5,10005,30,,
2500,10002,5,9995,29,,,10005,29,,,,
2501,9996,1,9995,27,,,10004,1,10005,27,,
2502,9995,24,,,,,10005,24,,,,
2503,9998,1,9996,2,9995,27,10004,2,10005,27,,
2504,9995,21,,,,,9998,1,10002,1,10005,21
2505,9996,2,9995,20,,,10004,2,10005,20,,
2506,9996,2,9995,21,,,10002,6,10004,2,10005,21
2507,9996,2,9995,21,,,10004,2,10005,21,,
2508,9996,1,9995,26,,,10004,1,10005,26,,
2509,9995,26,,,,,10002,4,10005,26,,
2510,9995,24,,,,,10005,24,,,,
2511,9996,1,9995,20,,,10004,1,10005,20,,
2512,9996,2,9995,26,,,10004,2,10005,26,,
2513,9995,27,,,,,9998,1,10002,8,10005,27
2514,9996,1,9995,23,,,10000,5,10004,1,10005,23
2515,9995,27,,,,,10005,27,,,,
2516,9996,2,9995,29,,,10004,2,10005,29,,
2517,9996,2,9995,25,,,10004,2,10005,25,,
2518,9995,21,,,,,10005,21,,,,
