timestamp,bid_price_1,bid_volume_1,bid_price_2,bid_volume_2,bid_price_3,bid_volume_3,ask_price_1,ask_volume_1,ask_price_2,ask_volume_2,ask_price_3,ask_volume_3
0,1968,30,,,,,1971,30,,,,
1,1969,4,1967,31,,,1971,31,,,,
2,1966,1,1965,21,,,1969,22,,,,
3,1965,25,,,,,1968,25,,,,
4,1966,25,,,,,1968,6,1969,25,,
5,1966,24,,,,,1970,24,,,,
6,1965,26,,,,,1968,26,,,,
7,1967,32,,,,,1970,27,,,,
8,1967,26,,,,,1970,26,,,,
9,1966,29,,,,,1970,29,,,,
10,1967,28,,,,,1970,28,,,,
11,1968,31,,,,,1971,25,,,,
12,1968,38,,,,,1971,30,,,,
13,1968,23,,,,,1971,28,,,,
14,1969,1,1968,24,,,1972,26,,,,
15,1971,1,1969,22,,,1972,22,,,,
16,1970,23,,,,,1974,23,,,,
17,1970,27,,,,,1972,8,1973,27,,
18,1971,35,,,,,1974,27,,,,
19,1969,31,,,,,1972,31,,,,
20,1972,19,,,,,1975,26,,,,
21,1971,23,,,,,1974,23,,,,
22,1972,2,1971,30,,,1975,32,,,,
23,1971,24,,,,,1975,24,,,,
24,1975,10,1973,25,,,1976,25,,,,
25,1973,1,1972,20,,,1976,21,,,,
26,1972,25,,,,,1976,25,,,,
27,1972,25,,,,,1974,3,1975,25,,
28,1973,1,1971,29,,,1975,29,,,,
29,1972,2,1971,23,,,1975,25,,,,
30,1972,31,,,,,1975,31,,,,
31,1971,28,,,,,1972,1,1975,28,,
32,1971,32,,,,,1975,32,,,,
33,1971,28,,,,,1975,28,,,,
34,1971,29,,,,,1974,29,,,,
35,1971,30,,,,,1974,2,1975,28,,
36,1971,23,,,,,1974,21,,,,
37,1971,31,,,,,1972,4,1974,31,,
38,1971,30,,,,,1973,2,1974,30,,
39,1970,25,,,,,1973,25,,,,
40,1970,34,,,,,1973,29,,,,
41,1973,8,1972,23,,,1976,24,,,,
42,1971,31,,,,,1974,28,,,,
43,1970,31,,,,,1973,31,,,,
44,1971,7,1970,27,,,1974,27,,,,
45,1972,5,1971,27,,,1975,27,,,,
46,1970,22,,,,,1973,1,1974,21,,
47,1970,27,,,,,1972,1,1974,27,,
48,1971,25,,,,,1973,3,1974,25,,
49,1972,22,,,,,1975,22,,,,
50,1972,1,1971,22,,,1973,1,1975,23,,
51,1973,1,1971,25,,,1974,25,,,,
52,1971,24,,,,,1975,24,,,,
53,1971,25,,,,,1974,25,,,,
54,1972,27,,,,,1973,6,1975,27,,
55,1972,36,,,,,1975,30,,,,
56,1974,2,1973,27,,,1976,27,,,,
57,1972,25,,,,,1974,5,1976,25,,
58,1974,1,1972,24,,,1975,24,,,,
59,1973,5,1972,25,,,1975,21,,,,
60,1972,24,,,,,1976,24,,,,
61,1971,25,,,,,1972,5,1975,25,,
62,1973,30,,,,,1976,30,,,,
63,1973,24,,,,,1976,25,,,,
64,1975,4,1973,23,,,1977,23,,,,
65,1974,3,1972,20,,,1975,20,,,,
66,1974,27,,,,,1977,27,,,,
67,1973,33,,,,,1976,28,,,,
68,1975,1,1974,23,,,1978,24,,,,
69,1973,28,,,,,1975,4,1976,28,,
70,1974,6,1973,29,,,1976,29,,,,
71,1975,30,,,,,1978,30,,,,
72,1976,23,,,,,1979,23,,,,
73,1975,25,,,,,1978,25,,,,
74,1975,30,,,,,1977,6,1978,30,,
75,1974,29,,,,,1977,29,,,,
76,1974,2,1973,24,,,1977,26,,,,
77,1974,28,,,,,1976,5,1977,28,,
78,1976,1,1974,1,1973,22,1977,23,,,,
79,1974,1,1972,26,,,1975,1,1976,25,,
80,1974,5,1973,23,,,1976,23,,,,
81,1973,27,,,,,1976,22,,,,
82,1975,20,,,,,1977,8,1979,20,,
83,1977,27,,,,,1980,27,,,,
84,1977,8,1976,26,,,1980,26,,,,
85,1975,30,,,,,1978,30,,,,
86,1976,23,,,,,1978,4,1979,23,,
87,1978,30,,,,,1980,6,1981,30,,
88,1979,24,,,,,1982,23,,,,
89,1979,27,,,,,1982,27,,,,
90,1979,23,,,,,1983,23,,,,
91,1979,31,,,,,1982,31,,,,
92,1980,24,,,,,1982,7,1983,24,,
93,1981,4,1980,5,1979,23,1983,23,,,,
94,1980,24,,,,,1984,24,,,,
95,1981,29,,,,,1983,4,1985,29,,
96,1981,20,,,,,1982,6,1985,20,,
97,1980,25,,,,,1984,25,,,,
98,1981,21,,,,,1984,21,,,,
99,1981,22,,,,,1984,22,,,,
100,1981,31,,,,,1985,31,,,,
101,1984,4,1982,22,,,1986,22,,,,
102,1981,25,,,,,1984,25,,,,
103,1982,2,1981,20,,,1985,22,,,,
104,1982,30,,,,,1984,5,1986,30,,
105,1982,1,1981,27,,,1985,28,,,,
106,1981,23,,,,,1983,3,1985,23,,
107,1981,23,,,,,1984,23,,,,
108,1980,23,,,,,1981,1,1984,23,,
109,1980,30,,,,,1983,30,,,,
110,1980,30,,,,,1983,30,,,,
111,1979,2,1978,29,,,1982,31,,,,
112,1980,29,,,,,1983,29,,,,
113,1980,27,,,,,1983,27,,,,
114,1981,24,,,,,1984,24,,,,
115,1981,7,1980,29,,,1983,1,1984,28,,
116,1981,26,,,,,1983,6,1985,26,,
117,1981,22,,,,,1984,22,,,,
118,1979,21,,,,,1982,21,,,,
119,1978,25,,,,,1981,25,,,,
120,1978,25,,,,,1982,25,,,,
121,1979,22,,,,,1982,22,,,,
122,1978,28,,,,,1981,28,,,,
123,1977,28,,,,,1978,6,1980,24,,
124,1976,30,,,,,1979,30,,,,
125,1975,31,,,,,1977,8,1978,31,,
126,1974,1,1973,30,,,1977,31,,,,
127,1972,31,,,,,1975,2,1976,29,,
128,1974,1,1973,30,,,1975,3,1977,31,,
129,1971,24,,,,,1973,4,1974,24,,
130,1972,27,,,,,1975,27,,,,
131,1975,2,1974,37,,,1977,30,,,,
132,1973,28,,,,,1975,3,1977,28,,
133,1972,28,,,,,1974,6,1976,28,,
134,1974,8,1973,26,,,1977,26,,,,
135,1975,5,1974,30,,,1978,30,,,,
136,1976,5,1974,25,,,1977,25,,,,
137,1975,3,1974,30,,,1977,30,,,,
138,1974,25,,,,,1977,25,,,,
139,1973,20,,,,,1977,20,,,,
140,1976,1,1974,27,,,1978,27,,,,
141,1977,3,1976,24,,,1979,24,,,,
142,1976,24,,,,,1979,24,,,,
143,1974,29,,,,,1977,2,1978,28,,
144,1976,23,,,,,1978,4,1979,1,1980,22
145,1976,22,,,,,1977,2,1978,1,1979,23
146,1976,21,,,,,1980,21,,,,
147,1976,26,,,,,1979,26,,,,
148,1977,22,,,,,1979,5,1980,23,,
149,1976,30,,,,,1980,30,,,,
150,1977,22,,,,,1980,23,,,,
151,1979,1,1977,26,,,1981,26,,,,
152,1977,3,1976,23,,,1978,4,1980,25,,
153,1976,6,1975,22,,,1979,24,,,,
154,1972,26,,,,,1974,3,1975,2,1976,24
155,1972,20,,,,,1974,5,1976,20,,
156,1973,8,1972,24,,,1976,24,,,,
157,1972,22,,,,,1975,22,,,,
158,1973,2,1972,24,,,1974,3,1976,26,,
159,1970,27,,,,,1974,27,,,,
160,1968,35,,,,,1971,27,,,,
161,1969,29,,,,,1973,29,,,,
162,1970,1,1968,21,,,1971,21,,,,
163,1967,31,,,,,1969,2,1970,31,,
164,1969,24,,,,,1970,4,1973,24,,
165,1968,27,,,,,1970,6,1971,27,,
166,1968,25,,,,,1971,25,,,,
167,1966,23,,,,,1970,24,,,,
168,1965,32,,,,,1968,2,1969,30,,
169,1966,30,,,,,1969,24,,,,
170,1965,23,,,,,1969,23,,,,
171,1964,30,,,,,1968,31,,,,
172,1961,26,,,,,1964,26,,,,
173,1963,28,,,,,1965,2,1966,28,,
174,1964,4,1963,25,,,1966,1,1967,24,,
175,1961,24,,,,,1964,24,,,,
176,1962,27,,,,,1966,27,,,,
177,1962,24,,,,,1965,24,,,,
178,1963,23,,,,,1967,23,,,,
179,1962,30,,,,,1965,30,,,,
180,1965,5,1963,28,,,1966,28,,,,
181,1964,21,,,,,1968,21,,,,
182,1967,1,1966,1,1965,24,1968,1,1969,23,,
183,1966,31,,,,,1969,29,,,,
184,1966,30,,,,,1968,3,1969,30,,
185,1966,32,,,,,1969,32,,,,
186,1966,31,,,,,1968,7,1969,31,,
187,1964,27,,,,,1966,3,1967,27,,
188,1963,24,,,,,1965,8,1966,24,,
189,1964,4,1963,28,,,1967,28,,,,
190,1966,5,1964,25,,,1968,25,,,,
191,1965,29,,,,,1966,5,1967,7,1969,29
192,1966,29,,,,,1969,29,,,,
193,1966,35,,,,,1969,32,,,,
194,1966,25,,,,,1969,21,,,,
195,1967,23,,,,,1970,22,,,,
196,1967,31,,,,,1970,31,,,,
197,1968,25,,,,,1972,25,,,,
198,1967,20,,,,,1971,20,,,,
199,1971,28,,,,,1974,28,,,,
200,1971,29,,,,,1974,1,1975,28,,
201,1969,31,,,,,1972,31,,,,
202,1970,29,,,,,1973,29,,,,
203,1969,23,,,,,1972,23,,,,
204,1970,24,,,,,1973,24,,,,
205,1971,10,1969,30,,,1972,30,,,,
206,1970,23,,,,,1973,23,,,,
207,1970,31,,,,,1974,31,,,,
208,1972,1,1970,25,,,1973,25,,,,
209,1972,1,1971,23,,,1975,24,,,,
210,1972,27,,,,,1975,27,,,,
211,1972,2,1971,28,,,1975,30,,,,
212,1972,23,,,,,1975,23,,,,
213,1975,28,,,,,1977,5,1978,29,,
214,1975,30,,,,,1978,30,,,,
215,1975,24,,,,,1977,5,1978,24,,
216,1976,28,,,,,1979,29,,,,
217,1977,31,,,,,1980,31,,,,
218,1975,29,,,,,1976,1,1979,29,,
219,1977,3,1976,28,,,1980,30,,,,
220,1977,28,,,,,1978,2,1980,24,,
221,1976,24,,,,,1979,25,,,,
222,1977,28,,,,,1979,6,1980,28,,
223,1976,30,,,,,1980,30,,,,
224,1976,26,,,,,1979,26,,,,
225,1977,27,,,,,1981,27,,,,
226,1979,27,,,,,1982,27,,,,
227,1978,28,,,,,1982,28,,,,
228,1978,30,,,,,1981,30,,,,
229,1978,26,,,,,1981,26,,,,
230,1978,26,,,,,1982,26,,,,
231,1978,24,,,,,1982,24,,,,
232,1978,26,,,,,1981,26,,,,
233,1981,22,,,,,1983,1,1984,22,,
234,1980,21,,,,,1983,21,,,,
235,1980,28,,,,,1983,2,1984,26,,
236,1980,21,,,,,1982,2,1984,21,,
237,1980,24,,,,,1984,24,,,,
238,1983,23,,,,,1986,23,,,,
239,1984,1,1982,20,,,1986,20,,,,
240,1983,23,,,,,1987,23,,,,
241,1984,26,,,,,1986,5,1987,26,,
242,1986,1,1984,27,,,1987,27,,,,
243,1984,23,,,,,1987,23,,,,
244,1984,25,,,,,1987,25,,,,
245,1984,2,1983,21,,,1987,21,,,,
246,1982,27,,,,,1986,27,,,,
247,1982,22,,,,,1985,2,1986,20,,
248,1983,28,,,,,1986,28,,,,
249,1982,30,,,,,1984,1,1985,30,,
250,1980,35,,,,,1983,27,,,,
251,1981,23,,,,,1984,23,,,,
252,1979,26,,,,,1980,1,1983,26,,
253,1978,2,1977,24,,,1981,26,,,,
254,1978,32,,,,,1981,32,,,,
255,1977,25,,,,,1979,1,1980,2,1981,23
256,1980,1,1978,1,1977,30,1981,31,,,,
257,1977,23,,,,,1979,4,1980,23,,
258,1981,2,1979,28,,,1982,28,,,,
259,1978,28,,,,,1980,3,1982,28,,
260,1976,24,,,,,1979,24,,,,
261,1976,25,,,,,1979,25,,,,
262,1976,26,,,,,1980,26,,,,
263,1979,2,1978,24,,,1982,24,,,,
264,1974,28,,,,,1977,29,,,,
265,1981,1,1979,2,1978,24,1982,24,,,,
266,1976,22,,,,,1979,22,,,,
267,1974,24,,,,,1976,4,1978,24,,
268,1970,24,,,,,1974,24,,,,
269,1968,27,,,,,1971,27,,,,
270,1970,31,,,,,1974,31,,,,
271,1969,24,,,,,1972,2,1973,22,,
272,1968,31,,,,,1971,31,,,,
273,1969,5,1968,33,,,1971,27,,,,
274,1968,25,,,,,1969,3,1971,25,,
275,1967,26,,,,,1970,26,,,,
276,1967,23,,,,,1970,23,,,,
277,1970,3,1968,26,,,1971,26,,,,
278,1969,28,,,,,1973,28,,,,
279,1970,33,,,,,1973,26,,,,
280,1971,24,,,,,1974,24,,,,
281,1971,23,,,,,1972,3,1974,22,,
282,1970,30,,,,,1973,1,1974,29,,
283,1971,24,,,,,1973,7,1974,1,1975,23
284,1971,21,,,,,1975,21,,,,
285,1973,1,1971,1,1970,30,1974,31,,,,
286,1971,30,,,,,1973,7,1974,31,,
287,1971,33,,,,,1974,25,,,,
288,1970,22,,,,,1973,22,,,,
289,1971,3,1970,22,,,1974,22,,,,
290,1970,24,,,,,1973,24,,,,
291,1971,31,,,,,1973,6,1974,31,,
292,1970,20,,,,,1971,2,1973,20,,
293,1972,24,,,,,1975,25,,,,
294,1970,24,,,,,1974,24,,,,
295,1970,29,,,,,1973,24,,,,
296,1970,20,,,,,1973,20,,,,
297,1970,27,,,,,1973,27,,,,
298,1969,30,,,,,1972,30,,,,
299,1968,27,,,,,1970,6,1972,27,,
300,1969,1,1967,21,,,1970,1,1971,20,,
301,1968,22,,,,,1970,1,1971,22,,
302,1967,2,1966,22,,,1970,24,,,,
303,1968,30,,,,,1970,2,1971,30,,
304,1966,23,,,,,1969,23,,,,
305,1962,29,,,,,1964,7,1965,29,,
306,1964,30,,,,,1966,8,1967,30,,
307,1960,22,,,,,1963,23,,,,
308,1963,3,1962,29,,,1966,29,,,,
309,1962,6,1961,23,,,1965,23,,,,
310,1962,20,,,,,1966,20,,,,
311,1961,22,,,,,1965,22,,,,
312,1963,28,,,,,1966,2,1967,27,,
313,1963,30,,,,,1965,7,1966,30,,
314,1962,37,,,,,1965,32,,,,
315,1964,22,,,,,1966,1,1968,23,,
316,1963,32,,,,,1967,32,,,,
317,1963,29,,,,,1966,29,,,,
318,1963,21,,,,,1966,21,,,,
319,1964,29,,,,,1968,29,,,,
320,1962,30,,,,,1963,4,1964,8,1965,30
321,1962,31,,,,,1964,6,1965,31,,
322,1963,1,1961,26,,,1964,26,,,,
323,1959,26,,,,,1962,26,,,,
324,1958,29,,,,,1959,1,1962,29,,
325,1961,1,1959,25,,,1962,25,,,,
326,1958,30,,,,,1960,8,1962,30,,
327,1958,27,,,,,1961,27,,,,
328,1957,18,,,,,1959,3,1960,23,,
329,1956,24,,,,,1958,6,1960,24,,
330,1956,28,,,,,1958,6,1959,28,,
331,1955,24,,,,,1957,2,1958,24,,
332,1955,31,,,,,1958,25,,,,
333,1954,26,,,,,1957,2,1958,24,,
334,1955,27,,,,,1957,6,1958,27,,
335,1955,25,,,,,1956,8,1958,25,,
336,1955,26,,,,,1958,27,,,,
337,1957,28,,,,,1960,23,,,,
338,1957,26,,,,,1960,26,,,,
339,1956,32,,,,,1959,24,,,,
340,1957,7,1956,24,,,1960,25,,,,
341,1957,27,,,,,1960,27,,,,
342,1957,28,,,,,1960,27,,,,
343,1957,21,,,,,1960,22,,,,
344,1957,24,,,,,1960,25,,,,
345,1956,25,,,,,1958,6,1960,25,,
346,1957,22,,,,,1959,2,1960,22,,
347,1958,29,,,,,1962,29,,,,
348,1959,2,1958,24,,,1962,24,,,,
349,1959,23,,,,,1962,24,,,,
350,1959,25,,,,,1962,22,,,,
351,1958,2,1957,25,,,1961,26,,,,
352,1958,23,,,,,1960,5,1961,24,,
353,1959,24,,,,,1963,24,,,,
354,1957,22,,,,,1959,7,1960,22,,
355,1957,25,,,,,1958,1,1961,25,,
356,1957,26,,,,,1960,27,,,,
357,1956,27,,,,,1960,27,,,,
358,1957,30,,,,,1960,30,,,,
359,1958,30,,,,,1960,6,1961,30,,
360,1957,28,,,,,1961,28,,,,
361,1957,26,,,,,1960,26,,,,
362,1955,31,,,,,1958,30,,,,
363,1956,22,,,,,1957,1,1960,22,,
364,1959,28,,,,,1961,1,1962,1,1963,27
365,1958,27,,,,,1961,27,,,,
366,1958,21,,,,,1961,21,,,,
367,1957,30,,,,,1958,1,1961,30,,
368,1961,3,1959,27,,,1962,27,,,,
369,1959,31,,,,,1962,2,1963,29,,
370,1961,3,1960,23,,,1964,23,,,,
371,1963,1,1961,24,,,1964,24,,,,
372,1960,22,,,,,1964,22,,,,
373,1957,27,,,,,1960,27,,,,
374,1958,23,,,,,1961,23,,,,
375,1958,1,1957,8,1956,29,1960,29,,,,
376,1957,26,,,,,1960,2,1961,24,,
377,1959,1,1957,29,,,1960,29,,,,
378,1957,35,,,,,1960,29,,,,
379,1957,20,,,,,1958,3,1960,29,,
380,1957,4,1956,25,,,1960,25,,,,
381,1955,27,,,,,1958,28,,,,
382,1955,23,,,,,1959,23,,,,
383,1955,27,,,,,1958,27,,,,
384,1957,20,,,,,1960,21,,,,
385,1958,1,1956,29,,,1959,25,,,,
386,1955,27,,,,,1959,27,,,,
387,1957,4,1955,30,,,1958,1,1959,29,,
388,1958,4,1956,27,,,1960,27,,,,
389,1958,26,,,,,1960,7,1961,26,,
390,1957,29,,,,,1960,29,,,,
391,1958,30,,,,,1959,6,1961,30,,
392,1960,1,1957,24,,,1961,24,,,,
393,1957,27,,,,,1960,27,,,,
394,1958,29,,,,,1961,29,,,,
395,1956,22,,,,,1960,22,,,,
396,1957,22,,,,,1960,22,,,,
397,1957,20,,,,,1961,20,,,,
398,1957,31,,,,,1960,31,,,,
399,1957,32,,,,,1960,32,,,,
400,1956,31,,,,,1959,31,,,,
401,1954,27,,,,,1957,27,,,,
402,1953,23,,,,,1956,23,,,,
403,1954,3,1953,24,,,1955,4,1957,25,,
404,1950,21,,,,,1954,21,,,,
405,1949,24,,,,,1952,24,,,,
406,1947,26,,,,,1950,26,,,,
407,1947,26,,,,,1950,2,1951,24,,
408,1947,29,,,,,1950,29,,,,
409,1947,22,,,,,1950,22,,,,
410,1945,22,,,,,1948,22,,,,
411,1941,23,,,,,1945,23,,,,
412,1944,3,1943,1,1942,25,1946,26,,,,
413,1943,1,1942,20,,,1944,6,1946,21,,
414,1938,22,,,,,1941,23,,,,
415,1941,30,,,,,1942,2,1944,30,,
416,1940,28,,,,,1943,28,,,,
417,1942,20,,,,,1945,20,,,,
418,1944,35,,,,,1947,30,,,,
419,1943,30,,,,,1944,2,1945,7,1946,2
420,1945,30,,,,,1948,2,1949,28,,
421,1947,24,,,,,1949,3,1951,24,,
422,1949,29,,,,,1952,26,,,,
423,1944,24,,,,,1946,2,1948,24,,
424,1949,7,1947,25,,,1950,25,,,,
425,1946,23,,,,,1948,8,1949,24,,
426,1947,25,,,,,1949,2,1950,25,,
427,1949,21,,,,,1952,22,,,,
428,1948,23,,,,,1952,23,,,,
429,1948,22,,,,,1950,7,1951,22,,
430,1950,25,,,,,1953,25,,,,
431,1948,25,,,,,1951,25,,,,
432,1948,28,,,,,1949,2,1952,28,,
433,1947,20,,,,,1951,20,,,,
434,1947,28,,,,,1951,29,,,,
435,1947,24,,,,,1951,24,,,,
436,1947,21,,,,,1949,8,1950,21,,
437,1947,36,,,,,1950,28,,,,
438,1946,25,,,,,1949,25,,,,
439,1946,34,,,,,1949,28,,,,
440,1946,26,,,,,1949,26,,,,
441,1948,29,,,,,1951,30,,,,
442,1946,22,,,,,1949,2,1950,20,,
443,1949,32,,,,,1952,25,,,,
444,1947,31,,,,,1950,30,,,,
445,1947,27,,,,,1950,27,,,,
446,1948,23,,,,,1951,23,,,,
447,1948,7,1947,24,,,1950,24,,,,
448,1947,24,,,,,1950,24,,,,
449,1949,9,1947,26,,,1950,26,,,,
450,1948,27,,,,,1951,27,,,,
451,1947,27,,,,,1950,27,,,,
452,1947,27,,,,,1950,27,,,,
453,1947,28,,,,,1950,29,,,,
454,1947,28,,,,,1950,28,,,,
455,1946,24,,,,,1949,24,,,,
456,1946,25,,,,,1948,2,1950,25,,
457,1946,30,,,,,1949,30,,,,
458,1946,26,,,,,1949,26,,,,
459,1945,22,,,,,1947,8,1948,1,1949,21
460,1946,27,,,,,1949,27,,,,
461,1946,27,,,,,1947,1,1950,27,,
462,1948,10,1946,30,,,1949,28,,,,
463,1946,23,,,,,1948,4,1949,23,,
464,1948,10,1946,26,,,1949,26,,,,
465,1945,25,,,,,1946,1,1949,25,,
466,1947,23,,,,,1950,23,,,,
467,1948,3,1947,23,,,1951,23,,,,
468,1947,23,,,,,1948,5,1950,23,,
469,1949,1,1947,28,,,1950,2,1951,26,,
470,1948,20,,,,,1951,20,,,,
471,1947,23,,,,,1949,7,1950,24,,
472,1949,4,1947,29,,,1950,29,,,,
473,1946,24,,,,,1950,24,,,,
474,1946,26,,,,,1948,2,1950,26,,
475,1946,28,,,,,1950,28,,,,
476,1945,21,,,,,1948,21,,,,
477,1947,24,,,,,1949,3,1950,24,,
478,1948,22,,,,,1951,22,,,,
479,1948,21,,,,,1951,21,,,,
480,1947,29,,,,,1951,29,,,,
481,1948,29,,,,,1952,29,,,,
482,1949,34,,,,,1952,26,,,,
483,1950,1,1948,29,,,1951,29,,,,
484,1951,1,1949,22,,,1953,22,,,,
485,1949,25,,,,,1953,25,,,,
486,1950,24,,,,,1953,22,,,,
487,1950,21,,,,,1953,21,,,,
488,1950,33,,,,,1953,31,,,,
489,1952,24,,,,,1955,25,,,,
490,1951,29,,,,,1954,29,,,,
491,1951,26,,,,,1955,26,,,,
492,1952,31,,,,,1955,25,,,,
493,1953,1,1952,4,1951,29,1955,29,,,,
494,1953,1,1951,22,,,1955,22,,,,
495,1951,23,,,,,1954,23,,,,
496,1951,22,,,,,1953,4,1954,22,,
497,1951,24,,,,,1954,2,1955,22,,
498,1952,22,,,,,1955,22,,,,
499,1954,22,,,,,1957,2,1958,20,,
500,1955,1,1954,29,,,1958,30,,,,
501,1955,10,1953,32,,,1956,32,,,,
502,1953,25,,,,,1957,25,,,,
503,1954,2,1952,26,,,1956,26,,,,
504,1954,30,,,,,1957,30,,,,
505,1953,30,,,,,1956,29,,,,
506,1954,1,1952,24,,,1955,24,,,,
507,1951,25,,,,,1954,25,,,,
508,1951,31,,,,,1954,24,,,,
509,1951,27,,,,,1953,5,1954,27,,
510,1950,24,,,,,1952,4,1953,24,,
511,1950,27,,,,,1952,1,1953,27,,
512,1950,35,,,,,1953,32,,,,
513,1948,25,,,,,1951,25,,,,
514,1949,23,,,,,1952,23,,,,
515,1948,22,,,,,1951,22,,,,
516,1949,31,,,,,1951,5,1952,31,,
517,1949,37,,,,,1952,32,,,,
518,1949,26,,,,,1952,26,,,,
519,1950,27,,,,,1952,7,1954,27,,
520,1950,23,,,,,1951,6,1954,24,,
521,1947,30,,,,,1950,30,,,,
522,1948,28,,,,,1950,2,1951,28,,
523,1946,21,,,,,1947,2,1950,21,,
524,1951,6,1950,24,,,1953,24,,,,
525,1947,31,,,,,1950,31,,,,
526,1948,24,,,,,1951,24,,,,
527,1947,29,,,,,1951,29,,,,
528,1948,24,,,,,1952,24,,,,
529,1948,31,,,,,1951,31,,,,
530,1948,4,1947,28,,,1951,28,,,,
531,1948,31,,,,,1951,31,,,,
532,1949,31,,,,,1952,31,,,,
533,1950,24,,,,,1952,7,1953,24,,
534,1951,22,,,,,1954,23,,,,
535,1950,26,,,,,1952,1,1953,26,,
536,1950,26,,,,,1953,23,,,,
537,1950,27,,,,,1953,2,1954,25,,
538,1950,25,,,,,1951,4,1953,25,,
539,1949,28,,,,,1951,7,1953,28,,
540,1951,2,1950,22,,,1954,22,,,,
541,1951,4,1950,23,,,1954,23,,,,
542,1951,21,,,,,1954,21,,,,
543,1952,25,,,,,1955,25,,,,
544,1951,23,,,,,1954,24,,,,
545,1950,28,,,,,1954,29,,,,
546,1950,28,,,,,1954,28,,,,
547,1949,21,,,,,1952,21,,,,
548,1948,24,,,,,1950,6,1951,24,,
549,1948,29,,,,,1950,3,1951,29,,
550,1949,1,1948,27,,,1952,27,,,,
551,1950,31,,,,,1953,31,,,,
552,1949,25,,,,,1952,25,,,,
553,1948,25,,,,,1951,1,1952,24,,
554,1949,23,,,,,1952,23,,,,
555,1951,26,,,,,1954,26,,,,
556,1950,28,,,,,1953,28,,,,
557,1949,21,,,,,1953,21,,,,
558,1951,23,,,,,1954,23,,,,
559,1951,24,,,,,1954,24,,,,
560,1949,22,,,,,1952,22,,,,
561,1949,30,,,,,1952,30,,,,
562,1948,28,,,,,1951,2,1952,26,,
563,1947,23,,,,,1949,8,1951,23,,
564,1944,23,,,,,1948,23,,,,
565,1945,33,,,,,1948,25,,,,
566,1946,27,,,,,1949,27,,,,
567,1946,25,,,,,1947,1,1950,25,,
568,1946,30,,,,,1949,24,,,,
569,1946,20,,,,,1949,20,,,,
570,1946,25,,,,,1950,25,,,,
571,1946,27,,,,,1950,27,,,,
572,1946,26,,,,,1950,26,,,,
573,1943,25,,,,,1946,25,,,,
574,1942,1,1941,26,,,1943,4,1945,28,,
575,1944,31,,,,,1947,31,,,,
576,1947,29,,,,,1951,29,,,,
577,1948,30,,,,,1951,30,,,,
578,1947,28,,,,,1950,28,,,,
579,1946,32,,,,,1949,32,,,,
580,1948,4,1947,23,,,1950,23,,,,
581,1946,8,1945,23,,,1949,24,,,,
582,1947,32,,,,,1950,26,,,,
583,1947,23,,,,,1950,23,,,,
584,1947,21,,,,,1948,4,1950,21,,
585,1945,32,,,,,1948,30,,,,
586,1945,29,,,,,1947,3,1948,29,,
587,1947,10,1945,25,,,1948,25,,,,
588,1943,24,,,,,1945,8,1946,24,,
589,1941,22,,,,,1944,22,,,,
590,1943,26,,,,,1946,26,,,,
591,1943,30,,,,,1946,30,,,,
592,1946,3,1945,31,,,1948,31,,,,
593,1946,2,1945,30,,,1948,30,,,,
594,1947,28,,,,,1951,28,,,,
595,1947,29,,,,,1950,29,,,,
596,1948,4,1947,25,,,1951,25,,,,
597,1949,28,,,,,1951,8,1952,28,,
598,1949,15,,,,,1952,20,,,,
599,1946,24,,,,,1949,24,,,,
600,1947,31,,,,,1950,31,,,,
601,1945,25,,,,,1946,9,1948,25,,
602,1945,4,1944,1,1943,21,1947,22,,,,
603,1946,24,,,,,1949,24,,,,
604,1946,6,1945,25,,,1948,25,,,,
605,1944,22,,,,,1948,22,,,,
606,1944,27,,,,,1947,27,,,,
607,1944,31,,,,,1947,31,,,,
608,1945,25,,,,,1947,8,1948,25,,
609,1944,2,1943,23,,,1947,25,,,,
610,1944,23,,,,,1947,31,,,,
611,1944,32,,,,,1947,32,,,,
612,1944,30,,,,,1945,7,1947,30,,
613,1943,31,,,,,1946,31,,,,
614,1945,28,,,,,1949,28,,,,
615,1945,29,,,,,1948,29,,,,
616,1944,26,,,,,1946,4,1947,26,,
617,1946,1,1944,1,1943,22,1947,23,,,,
618,1946,2,1945,29,,,1948,29,,,,
619,1946,25,,,,,1949,25,,,,
620,1946,23,,,,,1949,23,,,,
621,1945,25,,,,,1949,25,,,,
622,1945,26,,,,,1946,1,1949,26,,
623,1946,22,,,,,1949,22,,,,
624,1945,26,,,,,1948,26,,,,
625,1945,29,,,,,1947,3,1948,29,,
626,1944,31,,,,,1946,4,1947,2,1948,29
627,1944,25,,,,,1947,25,,,,
628,1945,28,,,,,1948,28,,,,
629,1947,22,,,,,1948,7,1950,22,,
630,1947,27,,,,,1948,5,1950,27,,
631,1947,20,,,,,1950,20,,,,
632,1948,4,1947,24,,,1951,24,,,,
633,1947,28,,,,,1950,28,,,,
634,1946,31,,,,,1948,6,1949,1,1950,30
635,1947,32,,,,,1950,32,,,,
636,1945,31,,,,,1948,1,1949,30,,
637,1947,24,,,,,1950,24,,,,
638,1946,27,,,,,1949,28,,,,
639,1946,27,,,,,1949,25,,,,
640,1944,37,,,,,1947,31,,,,
641,1946,33,,,,,1949,29,,,,
642,1945,24,,,,,1948,24,,,,
643,1944,8,1943,29,,,1947,29,,,,
644,1945,25,,,,,1947,2,1948,26,,
645,1944,31,,,,,1946,2,1947,31,,
646,1946,23,,,,,1949,24,,,,
647,1946,38,,,,,1949,30,,,,
648,1946,28,,,,,1950,28,,,,
649,1945,32,,,,,1948,30,,,,
650,1945,22,,,,,1949,22,,,,
651,1945,31,,,,,1947,8,1948,2,1949,29
652,1945,25,,,,,1949,25,,,,
653,1951,6,1949,31,,,1952,31,,,,
654,1950,25,,,,,1953,25,,,,
655,1950,27,,,,,1953,27,,,,
656,1953,28,,,,,1956,28,,,,
657,1954,21,,,,,1957,21,,,,
658,1953,29,,,,,1957,29,,,,
659,1954,27,,,,,1957,27,,,,
660,1954,28,,,,,1957,21,,,,
661,1954,22,,,,,1957,22,,,,
662,1955,28,,,,,1958,28,,,,
663,1954,31,,,,,1957,25,,,,
664,1953,29,,,,,1955,6,1957,29,,
665,1953,28,,,,,1956,24,,,,
666,1952,1,1951,25,,,1955,25,,,,
667,1953,30,,,,,1957,30,,,,
668,1954,24,,,,,1957,24,,,,
669,1954,27,,,,,1957,29,,,,
670,1954,32,,,,,1957,32,,,,
671,1954,21,,,,,1956,6,1957,1,1958,21
672,1955,30,,,,,1957,8,1958,30,,
673,1954,26,,,,,1957,26,,,,
674,1953,30,,,,,1956,30,,,,
675,1953,29,,,,,1955,7,1956,29,,
676,1954,31,,,,,1957,31,,,,
677,1955,21,,,,,1959,21,,,,
678,1956,23,,,,,1959,23,,,,
679,1958,9,1957,6,1956,22,1960,22,,,,
680,1956,30,,,,,1959,30,,,,
681,1956,26,,,,,1958,1,1959,26,,
682,1955,31,,,,,1958,26,,,,
683,1955,27,,,,,1958,27,,,,
684,1956,28,,,,,1960,28,,,,
685,1956,24,,,,,1960,24,,,,
686,1957,31,,,,,1960,31,,,,
687,1958,2,1957,27,,,1961,29,,,,
688,1957,23,,,,,1959,8,1961,23,,
689,1957,21,,,,,1961,21,,,,
690,1958,21,,,,,1961,21,,,,
691,1957,21,,,,,1960,21,,,,
692,1957,27,,,,,1958,7,1960,27,,
693,1959,24,,,,,1962,24,,,,
694,1957,32,,,,,1960,28,,,,
695,1957,27,,,,,1959,2,1961,27,,
696,1958,25,,,,,1962,25,,,,
697,1959,29,,,,,1963,29,,,,
698,1960,27,,,,,1963,28,,,,
699,1961,4,1960,26,,,1964,26,,,,
700,1960,37,,,,,1963,29,,,,
701,1958,27,,,,,1960,7,1962,27,,
702,1959,26,,,,,1960,3,1961,2,1962,26
703,1959,25,,,,,1962,25,,,,
704,1959,31,,,,,1961,6,1962,31,,
705,1958,24,,,,,1961,24,,,,
706,1961,1,1959,29,,,1962,29,,,,
707,1960,24,,,,,1963,24,,,,
708,1961,31,,,,,1964,32,,,,
709,1961,29,,,,,1964,29,,,,
710,1963,1,1961,31,,,1964,2,1965,29,,
711,1961,30,,,,,1964,22,,,,
712,1963,2,1961,26,,,1964,26,,,,
713,1962,20,,,,,1965,20,,,,
714,1960,30,,,,,1962,2,1964,30,,
715,1959,7,1958,31,,,1962,31,,,,
716,1960,22,,,,,1963,22,,,,
717,1960,28,,,,,1963,28,,,,
718,1960,6,1959,22,,,1963,22,,,,
719,1960,2,1959,20,,,1963,22,,,,
720,1959,29,,,,,1963,29,,,,
721,1960,3,1959,26,,,1963,28,,,,
722,1961,21,,,,,1963,4,1964,21,,
723,1962,30,,,,,1965,30,,,,
724,1964,24,,,,,1966,4,1967,24,,
725,1963,30,,,,,1967,30,,,,
726,1965,2,1964,22,,,1968,24,,,,
727,1963,29,,,,,1966,29,,,,
728,1964,30,,,,,1967,30,,,,
729,1964,24,,,,,1967,24,,,,
730,1962,26,,,,,1965,2,1966,24,,
731,1962,26,,,,,1966,26,,,,
732,1962,32,,,,,1965,31,,,,
733,1962,24,,,,,1966,24,,,,
734,1963,33,,,,,1966,30,,,,
735,1961,21,,,,,1965,21,,,,
736,1961,21,,,,,1964,21,,,,
737,1965,1,1963,20,,,1966,20,,,,
738,1963,5,1961,27,,,1965,27,,,,
739,1961,24,,,,,1964,24,,,,
740,1963,21,,,,,1966,21,,,,
741,1962,26,,,,,1966,26,,,,
742,1960,29,,,,,1962,2,1963,29,,
743,1962,1,1959,24,,,1963,24,,,,
744,1962,2,1960,21,,,1963,21,,,,
745,1959,27,,,,,1963,27,,,,
746,1956,28,,,,,1959,29,,,,
747,1956,22,,,,,1958,5,1959,22,,
748,1954,24,,,,,1957,2,1958,22,,
749,1955,22,,,,,1958,1,1959,21,,
750,1955,25,,,,,1958,25,,,,
751,1957,4,1956,23,,,1959,23,,,,
752,1956,29,,,,,1959,29,,,,
753,1954,26,,,,,1956,6,1957,27,,
754,1954,28,,,,,1957,28,,,,
755,1955,24,,,,,1958,1,1959,23,,
756,1957,4,1956,8,1955,30,1959,30,,,,
757,1958,20,,,,,1961,20,,,,
758,1960,8,1959,31,,,1963,31,,,,
759,1959,21,,,,,1963,21,,,,
760,1960,4,1959,21,,,1961,5,1963,21,,
761,1960,26,,,,,1962,5,1963,26,,
762,1961,2,1960,20,,,1964,20,,,,
763,1961,21,,,,,1963,1,1964,1,1965,21
764,1961,28,,,,,1962,3,1965,28,,
765,1961,21,,,,,1965,21,,,,
766,1964,1,1963,8,1962,30,1965,30,,,,
767,1962,27,,,,,1965,26,,,,
768,1961,26,,,,,1965,27,,,,
769,1961,27,,,,,1964,23,,,,
770,1962,32,,,,,1964,4,1965,32,,
771,1963,35,,,,,1966,30,,,,
772,1963,30,,,,,1967,30,,,,
773,1967,24,,,,,1971,24,,,,
774,1966,25,,,,,1969,22,,,,
775,1966,36,,,,,1969,28,,,,
776,1968,3,1966,31,,,1969,1,1970,30,,
777,1967,36,,,,,1970,28,,,,
778,1967,29,,,,,1971,29,,,,
779,1967,26,,,,,1971,26,,,,
780,1970,28,,,,,1971,1,1974,28,,
781,1970,31,,,,,1974,31,,,,
782,1970,28,,,,,1973,28,,,,
783,1970,28,,,,,1973,28,,,,
784,1972,1,1971,28,,,1975,28,,,,
785,1971,21,,,,,1975,21,,,,
786,1971,32,,,,,1973,1,1974,32,,
787,1971,21,,,,,1974,21,,,,
788,1972,1,1969,29,,,1973,29,,,,
789,1970,30,,,,,1973,30,,,,
790,1969,1,1968,23,,,1972,24,,,,
791,1970,3,1969,24,,,1972,24,,,,
792,1969,26,,,,,1971,6,1972,26,,
793,1968,23,,,,,1972,23,,,,
794,1969,22,,,,,1972,22,,,,
795,1969,28,,,,,1972,28,,,,
796,1969,24,,,,,1972,24,,,,
797,1970,31,,,,,1973,31,,,,
798,1971,1,1969,26,,,1972,2,1973,24,,
799,1969,29,,,,,1972,22,,,,
800,1969,31,,,,,1972,25,,,,
801,1967,23,,,,,1969,4,1970,23,,
802,1967,22,,,,,1970,22,,,,
803,1967,23,,,,,1970,23,,,,
804,1967,20,,,,,1970,22,,,,
805,1966,27,,,,,1968,4,1969,2,1970,25
806,1967,26,,,,,1970,21,,,,
807,1967,31,,,,,1970,31,,,,
808,1966,30,,,,,1968,2,1969,1,1970,29
809,1967,26,,,,,1970,26,,,,
810,1967,22,,,,,1971,22,,,,
811,1965,26,,,,,1967,4,1968,26,,
812,1965,23,,,,,1967,1,1969,23,,
813,1962,29,,,,,1964,4,1966,29,,
814,1961,31,,,,,1964,31,,,,
815,1962,32,,,,,1965,30,,,,
816,1963,29,,,,,1966,25,,,,
817,1964,25,,,,,1966,1,1968,26,,
818,1966,1,1964,29,,,1967,28,,,,
819,1966,20,,,,,1969,24,,,,
820,1965,23,,,,,1968,24,,,,
821,1966,24,,,,,1969,2,1970,22,,
822,1966,24,,,,,1970,24,,,,
823,1966,30,,,,,1969,30,,,,
824,1966,25,,,,,1969,25,,,,
825,1966,1,1964,26,,,1968,26,,,,
826,1965,28,,,,,1968,26,,,,
827,1962,27,,,,,1965,28,,,,
828,1962,23,,,,,1965,23,,,,
829,1963,22,,,,,1965,6,1966,22,,
830,1966,23,,,,,1969,23,,,,
831,1967,28,,,,,1970,28,,,,
832,1967,30,,,,,1970,30,,,,
833,1966,30,,,,,1969,30,,,,
834,1966,20,,,,,1969,27,,,,
835,1966,24,,,,,1968,1,1969,24,,
836,1966,27,,,,,1969,27,,,,
837,1965,29,,,,,1969,29,,,,
838,1966,24,,,,,1970,24,,,,
839,1967,25,,,,,1970,25,,,,
840,1966,22,,,,,1969,1,1970,21,,
841,1968,1,1966,24,,,1970,24,,,,
842,1967,30,,,,,1969,5,1971,30,,
843,1967,26,,,,,1970,26,,,,
844,1968,24,,,,,1970,5,1971,1,1972,23
845,1968,28,,,,,1970,4,1972,28,,
846,1969,21,,,,,1972,21,,,,
847,1969,32,,,,,1973,32,,,,
848,1972,1,1970,1,1969,22,1973,23,,,,
849,1970,29,,,,,1973,29,,,,
850,1970,29,,,,,1973,29,,,,
851,1969,22,,,,,1971,3,1972,22,,
852,1969,27,,,,,1971,2,1972,27,,
853,1969,22,,,,,1971,8,1973,22,,
854,1972,1,1970,34,,,1973,29,,,,
855,1970,32,,,,,1973,32,,,,
856,1970,2,1969,25,,,1973,27,,,,
857,1970,2,1969,20,,,1973,22,,,,
858,1969,23,,,,,1972,22,,,,
859,1969,28,,,,,1972,21,,,,
860,1968,21,,,,,1970,1,1972,21,,
861,1967,27,,,,,1970,22,,,,
862,1966,22,,,,,1970,22,,,,
863,1966,23,,,,,1969,23,,,,
864,1967,23,,,,,1971,23,,,,
865,1965,30,,,,,1968,30,,,,
866,1966,27,,,,,1968,1,1969,27,,
867,1966,26,,,,,1969,26,,,,
868,1966,21,,,,,1968,6,1970,21,,
869,1967,32,,,,,1968,1,1969,6,1970,32
870,1966,28,,,,,1967,5,1969,28,,
871,1964,32,,,,,1965,5,1967,32,,
872,1964,34,,,,,1967,27,,,,
873,1963,31,,,,,1965,5,1966,2,1967,29
874,1962,30,,,,,1965,30,,,,
875,1961,22,,,,,1963,1,1965,22,,
876,1961,26,,,,,1964,26,,,,
877,1961,23,,,,,1963,4,1964,23,,
878,1960,27,,,,,1963,27,,,,
879,1963,1,1961,22,,,1964,22,,,,
880,1961,28,,,,,1965,28,,,,
881,1961,31,,,,,1964,31,,,,
882,1960,24,,,,,1963,24,,,,
883,1960,30,,,,,1963,29,,,,
884,1962,9,1960,22,,,1964,22,,,,
885,1960,24,,,,,1964,24,,,,
886,1961,22,,,,,1964,1,1965,21,,
887,1961,28,,,,,1965,28,,,,
888,1961,36,,,,,1962,4,1964,30,,
889,1964,31,,,,,1966,5,1967,31,,
890,1964,28,,,,,1967,28,,,,
891,1965,1,1963,24,,,1966,24,,,,
892,1966,1,1964,25,,,1967,25,,,,
893,1965,28,,,,,1969,28,,,,
894,1965,23,,,,,1968,23,,,,
895,1967,1,1965,28,,,1968,28,,,,
896,1964,26,,,,,1966,4,1967,26,,
897,1964,21,,,,,1967,21,,,,
898,1964,6,1963,31,,,1966,31,,,,
899,1965,30,,,,,1968,22,,,,
900,1965,29,,,,,1968,29,,,,
901,1966,22,,,,,1969,22,,,,
902,1966,24,,,,,1969,24,,,,
903,1966,36,,,,,1969,28,,,,
904,1966,26,,,,,1968,1,1969,26,,
905,1965,27,,,,,1969,27,,,,
906,1965,4,1964,24,,,1968,24,,,,
907,1964,23,,,,,1966,8,1967,23,,
908,1964,27,,,,,1965,5,1967,27,,
909,1966,23,,,,,1969,23,,,,
910,1964,29,,,,,1967,29,,,,
911,1965,29,,,,,1968,29,,,,
912,1965,24,,,,,1966,2,1968,24,,
913,1965,30,,,,,1968,30,,,,
914,1965,26,,,,,1968,27,,,,
915,1965,30,,,,,1968,30,,,,
916,1965,21,,,,,1967,2,1968,22,,
917,1965,31,,,,,1968,31,,,,
918,1962,30,,,,,1965,30,,,,
919,1962,1,1960,24,,,1964,24,,,,
920,1962,26,,,,,1965,26,,,,
921,1962,23,,,,,1965,2,1966,21,,
922,1962,26,,,,,1965,26,,,,
923,1962,27,,,,,1964,7,1965,27,,
924,1963,1,1961,22,,,1964,1,1965,21,,
925,1961,22,,,,,1965,22,,,,
926,1962,26,,,,,1965,26,,,,
927,1962,21,,,,,1966,21,,,,
928,1963,20,,,,,1966,20,,,,
929,1964,25,,,,,1967,25,,,,
930,1964,25,,,,,1967,25,,,,
931,1963,28,,,,,1967,28,,,,
932,1965,30,,,,,1968,30,,,,
933,1965,34,,,,,1968,30,,,,
934,1964,30,,,,,1967,30,,,,
935,1966,20,,,,,1969,20,,,,
936,1966,21,,,,,1967,2,1968,7,1969,21
937,1966,25,,,,,1968,3,1969,25,,
938,1965,26,,,,,1968,26,,,,
939,1966,28,,,,,1969,28,,,,
940,1969,1,1967,21,,,1970,21,,,,
941,1966,27,,,,,1968,6,1970,27,,
942,1967,23,,,,,1970,23,,,,
943,1966,26,,,,,1969,26,,,,
944,1967,29,,,,,1968,9,1971,29,,
945,1967,20,,,,,1971,20,,,,
946,1967,25,,,,,1970,25,,,,
947,1966,20,,,,,1970,20,,,,
948,1968,24,,,,,1970,8,1971,1,1972,23
949,1969,30,,,,,1972,30,,,,
950,1969,28,,,,,1972,28,,,,
951,1970,21,,,,,1973,21,,,,
952,1972,22,,,,,1975,22,,,,
953,1971,23,,,,,1974,23,,,,
954,1970,31,,,,,1973,1,1974,30,,
955,1969,28,,,,,1971,7,1972,28,,
956,1970,3,1969,23,,,1972,23,,,,
957,1970,2,1969,24,,,1973,26,,,,
958,1970,28,,,,,1973,28,,,,
959,1970,25,,,,,1972,1,1974,25,,
960,1971,31,,,,,1974,30,,,,
961,1971,22,,,,,1974,22,,,,
962,1971,22,,,,,1973,4,1974,22,,
963,1973,1,1971,22,,,1974,22,,,,
964,1971,33,,,,,1974,32,,,,
965,1968,30,,,,,1971,30,,,,
966,1970,2,1969,20,,,1973,20,,,,
967,1972,24,,,,,1974,8,1975,24,,
968,1972,26,,,,,1975,26,,,,
969,1975,1,1973,31,,,1976,28,,,,
970,1974,2,1973,20,,,1977,22,,,,
971,1972,32,,,,,1974,4,1975,32,,
972,1971,22,,,,,1974,22,,,,
973,1971,28,,,,,1974,28,,,,
974,1971,29,,,,,1974,23,,,,
975,1972,25,,,,,1975,24,,,,
976,1972,26,,,,,1975,26,,,,
977,1972,1,1971,26,,,1973,5,1975,27,,
978,1971,24,,,,,1975,24,,,,
979,1971,28,,,,,1975,28,,,,
980,1972,22,,,,,1976,22,,,,
981,1972,2,1971,28,,,1975,30,,,,
982,1972,21,,,,,1975,21,,,,
983,1972,28,,,,,1975,28,,,,
984,1971,23,,,,,1974,23,,,,
985,1971,27,,,,,1974,27,,,,
986,1970,31,,,,,1972,8,1973,31,,
987,1970,27,,,,,1972,5,1973,27,,
988,1970,21,,,,,1973,21,,,,
989,1971,4,1969,25,,,1972,25,,,,
990,1968,24,,,,,1971,24,,,,
991,1967,2,1966,26,,,1970,28,,,,
992,1968,3,1967,24,,,1970,24,,,,
993,1966,27,,,,,1967,3,1970,27,,
994,1962,27,,,,,1964,3,1965,27,,
995,1965,23,,,,,1968,23,,,,
996,1965,28,,,,,1968,28,,,,
997,1966,29,,,,,1969,29,,,,
998,1967,22,,,,,1970,26,,,,
999,1967,29,,,,,1970,26,,,,
1000,1967,22,,,,,1971,22,,,,
1001,1966,25,,,,,1970,26,,,,
1002,1967,30,,,,,1970,30,,,,
1003,1966,28,,,,,1969,28,,,,
1004,1968,4,1967,25,,,1971,25,,,,
1005,1967,1,1966,27,,,1970,27,,,,
1006,1969,1,1968,2,1967,23,1970,23,,,,
1007,1968,6,1967,30,,,1971,30,,,,
1008,1966,23,,,,,1968,7,1969,1,1970,22
1009,1966,24,,,,,1970,24,,,,
1010,1967,27,,,,,1970,22,,,,
1011,1968,1,1967,10,1965,27,1969,27,,,,
1012,1966,28,,,,,1969,28,,,,
1013,1966,20,,,,,1969,20,,,,
1014,1966,21,,,,,1970,21,,,,
1015,1967,21,,,,,1969,1,1970,21,,
1016,1968,24,,,,,1971,24,,,,
1017,1969,4,1968,27,,,1972,27,,,,
1018,1969,31,,,,,1971,1,1972,31,,
1019,1970,25,,,,,1971,8,1973,2,1974,23
1020,1970,28,,,,,1973,1,1974,27,,
1021,1970,37,,,,,1971,4,1973,29,,
1022,1969,26,,,,,1972,26,,,,
1023,1971,27,,,,,1973,6,1974,28,,
1024,1970,28,,,,,1971,5,1973,1,1974,27
1025,1970,1,1969,26,,,1973,27,,,,
1026,1970,28,,,,,1973,28,,,,
1027,1970,21,,,,,1974,21,,,,
1028,1970,27,,,,,1973,27,,,,
1029,1972,1,1970,25,,,1973,25,,,,
1030,1970,27,,,,,1973,27,,,,
1031,1969,22,,,,,1970,6,1972,22,,
1032,1968,30,,,,,1972,30,,,,
1033,1969,1,1968,22,,,1972,22,,,,
1034,1969,27,,,,,1972,27,,,,
1035,1970,27,,,,,1973,27,,,,
1036,1969,27,,,,,1972,27,,,,
1037,1967,30,,,,,1971,30,,,,
1038,1969,32,,,,,1971,2,1972,32,,
1039,1969,28,,,,,1972,28,,,,
1040,1969,22,,,,,1973,22,,,,
1041,1969,31,,,,,1972,1,1973,30,,
1042,1970,31,,,,,1972,8,1973,31,,
1043,1970,21,,,,,1972,3,1973,21,,
1044,1970,24,,,,,1971,6,1973,24,,
1045,1970,2,1969,29,,,1973,31,,,,
1046,1969,26,,,,,1972,26,,,,
1047,1969,30,,,,,1971,5,1972,30,,
1048,1968,21,,,,,1972,21,,,,
1049,1966,24,,,,,1968,3,1969,1,1970,23
1050,1965,21,,,,,1969,21,,,,
1051,1964,22,,,,,1968,22,,,,
1052,1967,2,1966,28,,,1970,30,,,,
1053,1965,31,,,,,1967,8,1968,31,,
1054,1966,2,1965,21,,,1969,23,,,,
1055,1967,1,1966,27,,,1968,6,1970,29,,
1056,1967,28,,,,,1970,28,,,,
1057,1966,3,1965,29,,,1969,29,,,,
1058,1965,3,1964,30,,,1968,32,,,,
1059,1964,23,,,,,1966,6,1967,23,,
1060,1966,1,1964,7,1963,26,1967,28,,,,
1061,1962,25,,,,,1965,25,,,,
1062,1962,29,,,,,1964,7,1965,29,,
1063,1961,25,,,,,1962,1,1965,25,,
1064,1960,27,,,,,1961,1,1964,27,,
1065,1961,33,,,,,1964,25,,,,
1066,1961,30,,,,,1964,30,,,,
1067,1962,31,,,,,1964,3,1965,31,,
1068,1962,2,1961,25,,,1965,27,,,,
1069,1962,23,,,,,1965,23,,,,
1070,1961,29,,,,,1963,1,1964,30,,
1071,1962,1,1961,26,,,1965,27,,,,
1072,1961,23,,,,,1964,2,1965,21,,
1073,1961,23,,,,,1964,23,,,,
1074,1960,29,,,,,1964,29,,,,
1075,1959,27,,,,,1961,5,1962,27,,
1076,1959,24,,,,,1962,25,,,,
1077,1959,21,,,,,1963,21,,,,
1078,1959,31,,,,,1961,2,1962,31,,
1079,1962,1,1960,5,1959,25,1963,25,,,,
1080,1960,7,1959,23,,,1963,23,,,,
1081,1959,30,,,,,1962,30,,,,
1082,1959,25,,,,,1962,25,,,,
1083,1959,26,,,,,1961,4,1962,27,,
1084,1959,20,,,,,1962,20,,,,
1085,1960,30,,,,,1961,5,1963,30,,
1086,1962,4,1961,33,,,1964,31,,,,
1087,1962,2,1961,25,,,1965,27,,,,
1088,1964,1,1962,26,,,1965,26,,,,
1089,1962,23,,,,,1965,1,1966,22,,
1090,1963,24,,,,,1966,24,,,,
1091,1964,22,,,,,1966,2,1967,22,,
1092,1966,9,1964,25,,,1967,25,,,,
1093,1965,25,,,,,1968,25,,,,
1094,1965,24,,,,,1968,2,1969,23,,
1095,1965,30,,,,,1967,2,1968,30,,
1096,1963,20,,,,,1965,8,1966,21,,
1097,1963,32,,,,,1966,28,,,,
1098,1963,27,,,,,1965,6,1966,27,,
1099,1963,29,,,,,1966,29,,,,
1100,1963,25,,,,,1965,2,1966,25,,
1101,1965,1,1963,25,,,1966,25,,,,
1102,1963,28,,,,,1964,1,1967,28,,
1103,1964,27,,,,,1967,27,,,,
1104,1963,26,,,,,1966,26,,,,
1105,1961,21,,,,,1963,5,1964,21,,
1106,1961,27,,,,,1964,27,,,,
1107,1961,25,,,,,1965,25,,,,
1108,1960,24,,,,,1963,2,1964,22,,
1109,1961,26,,,,,1965,26,,,,
1110,1963,7,1961,29,,,1964,26,,,,
1111,1960,21,,,,,1963,21,,,,
1112,1959,21,,,,,1960,2,1963,21,,
1113,1959,29,,,,,1962,30,,,,
1114,1958,21,,,,,1962,21,,,,
1115,1958,24,,,,,1960,4,1962,24,,
1116,1958,25,,,,,1961,25,,,,
1117,1957,20,,,,,1960,20,,,,
1118,1955,25,,,,,1958,25,,,,
1119,1953,24,,,,,1956,2,1957,22,,
1120,1955,2,1954,24,,,1956,7,1957,24,,
1121,1955,25,,,,,1958,25,,,,
1122,1956,20,,,,,1958,4,1959,20,,
1123,1958,3,1957,27,,,1960,27,,,,
1124,1957,28,,,,,1959,8,1961,28,,
1125,1959,1,1958,24,,,1962,25,,,,
1126,1957,29,,,,,1961,29,,,,
1127,1957,22,,,,,1960,1,1961,21,,
1128,1958,4,1956,27,,,1960,27,,,,
1129,1956,2,1955,23,,,1959,25,,,,
1130,1957,4,1956,30,,,1959,1,1960,29,,
1131,1957,22,,,,,1960,22,,,,
1132,1955,32,,,,,1958,25,,,,
1133,1956,22,,,,,1959,22,,,,
1134,1956,29,,,,,1960,29,,,,
1135,1959,1,1957,1,1956,28,1960,29,,,,
1136,1956,24,,,,,1959,24,,,,
1137,1957,27,,,,,1960,27,,,,
1138,1957,25,,,,,1961,25,,,,
1139,1957,21,,,,,1961,21,,,,
1140,1957,27,,,,,1960,27,,,,
1141,1959,1,1957,30,,,1960,30,,,,
1142,1956,31,,,,,1959,31,,,,
1143,1956,21,,,,,1958,2,1959,21,,
1144,1959,31,,,,,1962,27,,,,
1145,1958,26,,,,,1961,27,,,,
1146,1957,28,,,,,1960,28,,,,
1147,1957,30,,,,,1960,2,1961,28,,
1148,1957,21,,,,,1961,21,,,,
1149,1958,2,1957,25,,,1961,27,,,,
1150,1957,30,,,,,1960,30,,,,
1151,1960,7,1958,27,,,1961,27,,,,
1152,1957,28,,,,,1960,2,1961,26,,
1153,1956,2,1955,28,,,1957,4,1959,30,,
1154,1956,29,,,,,1959,29,,,,
1155,1957,25,,,,,1960,25,,,,
1156,1959,34,,,,,1962,31,,,,
1157,1959,4,1958,31,,,1961,1,1962,30,,
1158,1959,30,,,,,1963,30,,,,
1159,1958,28,,,,,1962,28,,,,
1160,1957,38,,,,,1960,30,,,,
1161,1956,28,,,,,1958,6,1960,28,,
1162,1956,26,,,,,1959,26,,,,
1163,1955,26,,,,,1958,26,,,,
1164,1956,2,1955,29,,,1959,31,,,,
1165,1957,1,1955,29,,,1959,29,,,,
1166,1956,22,,,,,1959,30,,,,
1167,1956,24,,,,,1959,23,,,,
1168,1958,30,,,,,1962,30,,,,
1169,1959,2,1958,29,,,1961,1,1962,28,,
1170,1958,7,1957,21,,,1961,21,,,,
1171,1956,26,,,,,1958,4,1959,26,,
1172,1956,23,,,,,1958,2,1960,23,,
1173,1957,21,,,,,1960,29,,,,
1174,1957,1,1955,32,,,1958,32,,,,
1175,1952,23,,,,,1953,6,1955,23,,
1176,1953,7,1952,23,,,1956,23,,,,
1177,1952,24,,,,,1954,7,1955,24,,
1178,1952,23,,,,,1955,26,,,,
1179,1952,6,1951,30,,,1955,31,,,,
1180,1952,1,1950,30,,,1953,30,,,,
1181,1951,20,,,,,1953,1,1954,20,,
1182,1952,4,1950,26,,,1953,26,,,,
1183,1949,22,,,,,1952,23,,,,
1184,1949,28,,,,,1953,28,,,,
1185,1950,29,,,,,1953,28,,,,
1186,1950,30,,,,,1952,7,1953,30,,
1187,1950,29,,,,,1954,29,,,,
1188,1950,24,,,,,1953,24,,,,
1189,1949,28,,,,,1952,1,1953,27,,
1190,1950,27,,,,,1953,1,1954,26,,
1191,1950,25,,,,,1953,25,,,,
1192,1950,29,,,,,1953,29,,,,
1193,1950,23,,,,,1952,5,1953,23,,
1194,1952,27,,,,,1955,27,,,,
1195,1952,32,,,,,1955,27,,,,
1196,1951,25,,,,,1954,25,,,,
1197,1951,25,,,,,1954,25,,,,
1198,1952,33,,,,,1955,26,,,,
1199,1951,25,,,,,1953,3,1954,25,,
1200,1954,9,1953,27,,,1957,28,,,,
1201,1953,6,1951,22,,,1954,22,,,,
1202,1950,22,,,,,1952,3,1954,23,,
1203,1950,28,,,,,1953,28,,,,
1204,1950,28,,,,,1953,28,,,,
1205,1951,29,,,,,1952,8,1954,29,,
1206,1951,27,,,,,1954,27,,,,
1207,1949,21,,,,,1952,1,1953,20,,
1208,1951,2,1950,35,,,1953,28,,,,
1209,1949,15,,,,,1952,24,,,,
1210,1949,26,,,,,1952,26,,,,
1211,1949,21,,,,,1952,21,,,,
1212,1950,27,,,,,1953,27,,,,
1213,1950,26,,,,,1953,27,,,,
1214,1951,20,,,,,1954,20,,,,
1215,1952,27,,,,,1955,27,,,,
1216,1955,1,1952,31,,,1956,31,,,,
1217,1954,1,1952,26,,,1955,26,,,,
1218,1952,27,,,,,1955,27,,,,
1219,1953,22,,,,,1956,22,,,,
1220,1954,31,,,,,1957,31,,,,
1221,1953,25,,,,,1956,23,,,,
1222,1949,28,,,,,1953,28,,,,
1223,1947,29,,,,,1950,24,,,,
1224,1948,22,,,,,1951,22,,,,
1225,1948,24,,,,,1951,23,,,,
1226,1950,1,1948,24,,,1952,24,,,,
1227,1948,21,,,,,1950,8,1952,21,,
1228,1949,1,1948,30,,,1952,32,,,,
1229,1947,23,,,,,1951,23,,,,
1230,1949,27,,,,,1952,27,,,,
1231,1950,3,1949,21,,,1953,21,,,,
1232,1953,26,,,,,1955,3,1956,26,,
1233,1953,21,,,,,1956,21,,,,
1234,1952,24,,,,,1955,24,,,,
1235,1952,30,,,,,1955,23,,,,
1236,1952,30,,,,,1954,4,1956,30,,
1237,1952,28,,,,,1956,28,,,,
1238,1953,31,,,,,1957,31,,,,
1239,1952,26,,,,,1956,27,,,,
1240,1954,25,,,,,1957,25,,,,
1241,1955,3,1954,28,,,1958,28,,,,
1242,1956,4,1954,32,,,1958,32,,,,
1243,1956,1,1954,23,,,1958,23,,,,
1244,1954,24,,,,,1958,24,,,,
1245,1955,2,1954,21,,,1958,23,,,,
1246,1955,30,,,,,1958,30,,,,
1247,1955,32,,,,,1957,2,1958,32,,
1248,1954,29,,,,,1957,28,,,,
1249,1954,23,,,,,1956,7,1957,23,,
1250,1954,27,,,,,1957,27,,,,
1251,1957,1,1955,26,,,1958,26,,,,
1252,1958,1,1956,24,,,1959,24,,,,
1253,1955,25,,,,,1959,25,,,,
1254,1955,26,,,,,1958,2,1959,24,,
1255,1955,26,,,,,1958,26,,,,
1256,1955,31,,,,,1958,31,,,,
1257,1954,26,,,,,1957,2,1958,24,,
1258,1955,1,1954,24,,,1956,8,1958,25,,
1259,1955,2,1954,26,,,1957,22,,,,
1260,1956,2,1955,20,,,1959,22,,,,
1261,1957,31,,,,,1959,7,1960,31,,
1262,1956,28,,,,,1958,1,1959,29,,
1263,1957,23,,,,,1960,23,,,,
1264,1957,31,,,,,1960,31,,,,
1265,1956,31,,,,,1959,27,,,,
1266,1955,30,,,,,1958,31,,,,
1267,1957,2,1956,21,,,1958,2,1960,23,,
1268,1956,25,,,,,1958,6,1960,25,,
1269,1956,21,,,,,1959,21,,,,
1270,1955,28,,,,,1958,1,1959,27,,
1271,1955,28,,,,,1958,28,,,,
1272,1955,20,,,,,1957,4,1958,20,,
1273,1954,27,,,,,1958,27,,,,
1274,1954,25,,,,,1958,25,,,,
1275,1954,27,,,,,1958,27,,,,
1276,1954,24,,,,,1958,26,,,,
1277,1955,25,,,,,1958,25,,,,
1278,1955,28,,,,,1956,5,1958,28,,
1279,1954,30,,,,,1956,4,1957,30,,
1280,1954,22,,,,,1957,22,,,,
1281,1955,25,,,,,1956,2,1958,25,,
1282,1954,32,,,,,1957,32,,,,
1283,1954,26,,,,,1957,26,,,,
1284,1956,32,,,,,1959,24,,,,
1285,1957,30,,,,,1959,7,1960,30,,
1286,1956,26,,,,,1958,3,1959,26,,
1287,1956,23,,,,,1959,23,,,,
1288,1957,29,,,,,1960,29,,,,
1289,1957,29,,,,,1960,29,,,,
1290,1957,33,,,,,1960,32,,,,
1291,1957,21,,,,,1961,21,,,,
1292,1957,25,,,,,1958,1,1961,25,,
1293,1958,20,,,,,1962,20,,,,
1294,1958,20,,,,,1961,20,,,,
1295,1957,30,,,,,1960,29,,,,
1296,1958,31,,,,,1961,31,,,,
1297,1958,27,,,,,1959,2,1961,27,,
1298,1958,26,,,,,1961,26,,,,
1299,1958,21,,,,,1961,21,,,,
1300,1959,32,,,,,1962,32,,,,
1301,1961,1,1959,24,,,1962,24,,,,
1302,1959,26,,,,,1962,24,,,,
1303,1958,29,,,,,1962,29,,,,
1304,1959,2,1958,30,,,1961,2,1962,28,,
1305,1958,25,,,,,1962,25,,,,
1306,1959,2,1958,21,,,1962,23,,,,
1307,1958,27,,,,,1961,24,,,,
1308,1959,27,,,,,1962,27,,,,
1309,1960,24,,,,,1964,25,,,,
1310,1959,24,,,,,1963,24,,,,
1311,1958,25,,,,,1961,29,,,,
1312,1958,21,,,,,1961,22,,,,
1313,1957,23,,,,,1960,22,,,,
1314,1956,23,,,,,1959,23,,,,
1315,1957,21,,,,,1960,21,,,,
1316,1957,12,1956,30,,,1959,1,1960,29,,
1317,1957,2,1956,21,,,1958,4,1960,23,,
1318,1959,28,,,,,1962,28,,,,
1319,1959,6,1958,25,,,1962,25,,,,
1320,1958,24,,,,,1962,24,,,,
1321,1959,2,1958,20,,,1962,21,,,,
1322,1960,1,1959,26,,,1963,26,,,,
1323,1961,3,1959,25,,,1963,25,,,,
1324,1959,23,,,,,1961,1,1963,23,,
1325,1961,1,1959,24,,,1962,24,,,,
1326,1958,24,,,,,1962,24,,,,
1327,1958,31,,,,,1961,2,1962,29,,
1328,1959,5,1958,30,,,1962,30,,,,
1329,1958,21,,,,,1960,1,1961,21,,
1330,1958,32,,,,,1962,32,,,,
1331,1958,30,,,,,1962,30,,,,
1332,1960,1,1958,30,,,1961,30,,,,
1333,1960,1,1958,29,,,1961,29,,,,
1334,1959,5,1958,23,,,1961,23,,,,
1335,1958,22,,,,,1962,22,,,,
1336,1958,21,,,,,1961,22,,,,
1337,1958,26,,,,,1962,26,,,,
1338,1958,28,,,,,1962,28,,,,
1339,1958,20,,,,,1960,5,1961,20,,
1340,1958,30,,,,,1961,1,1962,30,,
1341,1958,25,,,,,1962,25,,,,
1342,1957,23,,,,,1961,23,,,,
1343,1957,1,1956,20,,,1960,21,,,,
1344,1956,28,,,,,1959,25,,,,
1345,1958,1,1957,2,1956,25,1960,25,,,,
1346,1957,1,1956,20,,,1960,21,,,,
1347,1957,23,,,,,1960,23,,,,
1348,1958,2,1957,24,,,1961,26,,,,
1349,1957,23,,,,,1959,2,1960,23,,
1350,1957,24,,,,,1960,1,1961,23,,
1351,1957,2,1956,24,,,1958,7,1960,26,,
1352,1956,31,,,,,1959,1,1960,30,,
1353,1956,30,,,,,1959,30,,,,
1354,1956,28,,,,,1958,1,1959,28,,
1355,1955,29,,,,,1958,29,,,,
1356,1955,24,,,,,1959,24,,,,
1357,1956,29,,,,,1959,24,,,,
1358,1954,23,,,,,1956,2,1957,23,,
1359,1954,24,,,,,1957,2,1958,22,,
1360,1955,23,,,,,1958,2,1959,21,,
1361,1955,28,,,,,1957,6,1958,29,,
1362,1955,22,,,,,1958,21,,,,
1363,1951,21,,,,,1954,21,,,,
1364,1955,1,1953,28,,,1956,28,,,,
1365,1954,27,,,,,1958,28,,,,
1366,1954,27,,,,,1958,27,,,,
1367,1954,30,,,,,1957,30,,,,
1368,1954,25,,,,,1957,25,,,,
1369,1954,20,,,,,1958,20,,,,
1370,1953,24,,,,,1957,24,,,,
1371,1954,27,,,,,1955,1,1958,27,,
1372,1955,17,,,,,1958,22,,,,
1373,1955,28,,,,,1958,28,,,,
1374,1955,22,,,,,1957,5,1958,22,,
1375,1955,23,,,,,1957,4,1958,23,,
1376,1956,3,1955,26,,,1958,1,1959,25,,
1377,1956,5,1955,22,,,1959,24,,,,
1378,1956,25,,,,,1959,25,,,,
1379,1956,32,,,,,1959,26,,,,
1380,1955,22,,,,,1959,22,,,,
1381,1955,27,,,,,1958,22,,,,
1382,1958,1,1956,1,1955,22,1959,23,,,,
1383,1956,22,,,,,1959,23,,,,
1384,1956,30,,,,,1959,30,,,,
1385,1955,29,,,,,1958,1,1959,28,,
1386,1955,25,,,,,1959,26,,,,
1387,1958,1,1956,28,,,1959,28,,,,
1388,1955,21,,,,,1959,21,,,,
1389,1956,31,,,,,1959,26,,,,
1390,1956,31,,,,,1959,31,,,,
1391,1957,6,1956,30,,,1959,30,,,,
1392,1957,22,,,,,1960,22,,,,
1393,1959,1,1957,28,,,1960,28,,,,
1394,1959,1,1957,22,,,1960,22,,,,
1395,1957,23,,,,,1960,23,,,,
1396,1957,26,,,,,1960,26,,,,
1397,1955,30,,,,,1958,30,,,,
1398,1955,30,,,,,1959,30,,,,
1399,1956,2,1955,30,,,1959,32,,,,
1400,1956,1,1955,25,,,1959,25,,,,
1401,1953,25,,,,,1956,1,1957,24,,
1402,1954,31,,,,,1956,1,1957,31,,
1403,1954,21,,,,,1957,21,,,,
1404,1954,21,,,,,1957,21,,,,
1405,1954,21,,,,,1956,3,1957,21,,
1406,1955,21,,,,,1958,22,,,,
1407,1955,27,,,,,1958,22,,,,
1408,1955,23,,,,,1958,23,,,,
1409,1955,23,,,,,1956,4,1958,23,,
1410,1955,21,,,,,1958,21,,,,
1411,1955,28,,,,,1959,28,,,,
1412,1955,29,,,,,1958,22,,,,
1413,1956,3,1955,21,,,1958,21,,,,
1414,1955,26,,,,,1958,26,,,,
1415,1955,25,,,,,1958,26,,,,
1416,1956,4,1954,24,,,1958,24,,,,
1417,1955,20,,,,,1958,20,,,,
1418,1953,21,,,,,1957,21,,,,
1419,1954,31,,,,,1957,31,,,,
1420,1953,29,,,,,1955,6,1957,29,,
1421,1956,1,1954,27,,,1957,27,,,,
1422,1954,20,,,,,1957,21,,,,
1423,1955,25,,,,,1958,1,1959,24,,
1424,1954,23,,,,,1958,23,,,,
1425,1956,24,,,,,1960,24,,,,
1426,1958,1,1956,29,,,1960,29,,,,
1427,1956,22,,,,,1960,22,,,,
1428,1956,29,,,,,1959,29,,,,
1429,1955,39,,,,,1958,32,,,,
1430,1954,29,,,,,1957,2,1958,27,,
1431,1953,27,,,,,1955,1,1956,2,1957,25
1432,1953,24,,,,,1956,24,,,,
1433,1953,27,,,,,1956,27,,,,
1434,1954,27,,,,,1957,27,,,,
1435,1955,2,1954,24,,,1958,26,,,,
1436,1954,21,,,,,1956,2,1957,24,,
1437,1955,25,,,,,1957,5,1958,25,,
1438,1955,27,,,,,1958,22,,,,
1439,1956,4,1955,29,,,1958,29,,,,
1440,1955,23,,,,,1959,23,,,,
1441,1958,1,1955,25,,,1959,25,,,,
1442,1954,24,,,,,1957,24,,,,
1443,1954,30,,,,,1956,3,1958,30,,
1444,1956,31,,,,,1959,28,,,,
1445,1956,31,,,,,1959,31,,,,
1446,1955,32,,,,,1958,25,,,,
1447,1955,33,,,,,1958,29,,,,
1448,1955,27,,,,,1958,27,,,,
1449,1955,23,,,,,1958,23,,,,
1450,1956,5,1955,24,,,1959,24,,,,
1451,1956,20,,,,,1959,20,,,,
1452,1955,28,,,,,1958,1,1959,28,,
1453,1956,6,1955,26,,,1959,26,,,,
1454,1954,22,,,,,1958,22,,,,
1455,1954,24,,,,,1956,1,1958,24,,
1456,1955,30,,,,,1957,7,1958,30,,
1457,1954,24,,,,,1956,1,1957,1,1958,23
1458,1954,21,,,,,1956,1,1958,21,,
1459,1955,6,1954,23,,,1958,23,,,,
1460,1954,30,,,,,1957,24,,,,
1461,1954,27,,,,,1958,27,,,,
1462,1954,24,,,,,1958,24,,,,
1463,1954,21,,,,,1958,21,,,,
1464,1954,30,,,,,1957,31,,,,
1465,1954,31,,,,,1957,31,,,,
1466,1954,32,,,,,1957,2,1958,30,,
1467,1954,31,,,,,1957,31,,,,
1468,1953,24,,,,,1956,24,,,,
1469,1953,1,1952,27,,,1956,28,,,,
1470,1955,1,1953,30,,,1956,28,,,,
1471,1953,25,,,,,1956,25,,,,
1472,1955,1,1953,23,,,1956,23,,,,
1473,1952,29,,,,,1955,29,,,,
1474,1952,23,,,,,1953,1,1954,2,1956,23
1475,1952,24,,,,,1954,6,1955,24,,
1476,1952,29,,,,,1955,29,,,,
1477,1952,26,,,,,1955,26,,,,
1478,1952,30,,,,,1955,30,,,,
1479,1952,2,1951,25,,,1955,27,,,,
1480,1953,3,1952,33,,,1955,27,,,,
1481,1951,23,,,,,1954,24,,,,
1482,1952,1,1950,27,,,1953,27,,,,
1483,1952,1,1950,1,1949,20,1953,21,,,,
1484,1951,5,1950,21,,,1953,21,,,,
1485,1952,32,,,,,1955,25,,,,
1486,1954,24,,,,,1958,24,,,,
1487,1956,1,1954,25,,,1957,25,,,,
1488,1955,7,1954,29,,,1958,31,,,,
1489,1957,3,1955,28,,,1958,28,,,,
1490,1955,21,,,,,1957,3,1958,22,,
1491,1955,1,1954,20,,,1958,22,,,,
1492,1954,30,,,,,1958,30,,,,
1493,1954,35,,,,,1957,31,,,,
1494,1956,20,,,,,1958,4,1959,24,,
1495,1955,20,,,,,1958,21,,,,
1496,1955,21,,,,,1958,21,,,,
1497,1955,29,,,,,1958,29,,,,
1498,1955,29,,,,,1958,22,,,,
1499,1954,29,,,,,1958,29,,,,
1500,1955,20,,,,,1959,20,,,,
1501,1955,32,,,,,1958,2,1959,30,,
1502,1956,30,,,,,1959,23,,,,
1503,1957,26,,,,,1960,26,,,,
1504,1957,22,,,,,1960,2,1961,20,,
1505,1957,21,,,,,1960,21,,,,
1506,1956,25,,,,,1960,25,,,,
1507,1957,31,,,,,1959,2,1960,31,,
1508,1957,22,,,,,1960,22,,,,
1509,1957,8,1956,30,,,1960,30,,,,
1510,1957,22,,,,,1960,1,1961,21,,
1511,1956,21,,,,,1958,1,1960,21,,
1512,1955,24,,,,,1958,24,,,,
1513,1954,24,,,,,1955,3,1957,24,,
1514,1955,39,,,,,1958,32,,,,
1515,1957,30,,,,,1961,30,,,,
1516,1959,2,1958,31,,,1961,24,,,,
1517,1959,21,,,,,1962,22,,,,
1518,1958,26,,,,,1960,3,1961,26,,
1519,1959,24,,,,,1962,24,,,,
1520,1960,2,1959,29,,,1962,29,,,,
1521,1959,1,1957,23,,,1960,23,,,,
1522,1959,22,,,,,1962,22,,,,
1523,1961,27,,,,,1965,27,,,,
1524,1959,23,,,,,1963,23,,,,
1525,1960,27,,,,,1963,27,,,,
1526,1958,27,,,,,1960,2,1962,27,,
1527,1961,2,1959,27,,,1962,27,,,,
1528,1959,1,1958,20,,,1960,3,1962,21,,
1529,1959,22,,,,,1962,22,,,,
1530,1959,24,,,,,1962,24,,,,
1531,1959,25,,,,,1961,2,1962,25,,
1532,1961,20,,,,,1963,4,1964,20,,
1533,1960,23,,,,,1964,23,,,,
1534,1962,17,,,,,1965,20,,,,
1535,1961,19,,,,,1963,5,1965,20,,
1536,1961,30,,,,,1964,31,,,,
1537,1960,26,,,,,1964,26,,,,
1538,1960,23,,,,,1963,23,,,,
1539,1960,30,,,,,1963,28,,,,
1540,1962,1,1960,27,,,1963,27,,,,
1541,1959,3,1958,27,,,1961,2,1962,25,,
1542,1959,1,1958,22,,,1962,23,,,,
1543,1961,5,1960,23,,,1964,23,,,,
1544,1959,26,,,,,1962,26,,,,
1545,1959,28,,,,,1962,27,,,,
1546,1959,21,,,,,1962,21,,,,
1547,1959,28,,,,,1962,28,,,,
1548,1958,29,,,,,1961,29,,,,
1549,1960,3,1958,23,,,1961,23,,,,
1550,1958,22,,,,,1960,3,1961,22,,
1551,1957,23,,,,,1960,21,,,,
1552,1957,34,,,,,1960,27,,,,
1553,1957,29,,,,,1961,29,,,,
1554,1958,30,,,,,1962,30,,,,
1555,1959,23,,,,,1962,23,,,,
1556,1959,28,,,,,1962,29,,,,
1557,1959,27,,,,,1962,27,,,,
1558,1957,33,,,,,1960,28,,,,
1559,1958,29,,,,,1959,5,1961,29,,
1560,1958,26,,,,,1961,26,,,,
1561,1958,28,,,,,1961,28,,,,
1562,1959,1,1958,22,,,1962,23,,,,
1563,1958,26,,,,,1961,26,,,,
1564,1960,5,1958,26,,,1962,26,,,,
1565,1958,26,,,,,1960,3,1961,26,,
1566,1958,28,,,,,1961,28,,,,
1567,1958,31,,,,,1961,31,,,,
1568,1961,7,1959,25,,,1962,25,,,,
1569,1957,30,,,,,1960,26,,,,
1570,1958,3,1957,22,,,1961,22,,,,
1571,1957,1,1956,26,,,1960,27,,,,
1572,1956,30,,,,,1959,29,,,,
1573,1957,32,,,,,1960,32,,,,
1574,1955,21,,,,,1958,22,,,,
1575,1956,29,,,,,1959,25,,,,
1576,1958,9,1956,23,,,1959,23,,,,
1577,1955,25,,,,,1959,25,,,,
1578,1955,26,,,,,1959,26,,,,
1579,1956,30,,,,,1959,26,,,,
1580,1955,29,,,,,1958,29,,,,
1581,1953,31,,,,,1957,31,,,,
1582,1955,1,1954,27,,,1957,27,,,,
1583,1955,23,,,,,1958,23,,,,
1584,1954,29,,,,,1957,29,,,,
1585,1956,1,1953,29,,,1957,29,,,,
1586,1954,28,,,,,1957,23,,,,
1587,1954,29,,,,,1956,3,1957,29,,
1588,1953,26,,,,,1955,3,1956,26,,
1589,1954,20,,,,,1958,20,,,,
1590,1955,1,1954,21,,,1956,1,1958,22,,
1591,1954,25,,,,,1957,25,,,,
1592,1955,23,,,,,1958,20,,,,
1593,1955,29,,,,,1958,30,,,,
1594,1956,21,,,,,1958,2,1959,21,,
1595,1959,1,1957,31,,,1960,25,,,,
1596,1957,32,,,,,1961,32,,,,
1597,1957,36,,,,,1960,31,,,,
1598,1958,29,,,,,1961,29,,,,
1599,1958,20,,,,,1960,3,1961,20,,
1600,1962,6,1960,23,,,1964,23,,,,
1601,1962,3,1961,32,,,1964,32,,,,
1602,1961,32,,,,,1963,8,1964,2,1965,30
1603,1962,23,,,,,1964,2,1965,23,,
1604,1963,28,,,,,1967,28,,,,
1605,1960,28,,,,,1963,28,,,,
1606,1961,2,1960,23,,,1963,23,,,,
1607,1961,30,,,,,1962,4,1965,30,,
1608,1962,29,,,,,1965,29,,,,
1609,1963,25,,,,,1965,6,1966,25,,
1610,1964,3,1963,26,,,1967,26,,,,
1611,1963,23,,,,,1965,1,1967,23,,
1612,1961,24,,,,,1964,24,,,,
1613,1963,27,,,,,1966,27,,,,
1614,1964,1,1962,29,,,1965,29,,,,
1615,1962,23,,,,,1964,1,1966,23,,
1616,1963,1,1962,30,,,1966,30,,,,
1617,1958,30,,,,,1961,30,,,,
1618,1958,28,,,,,1960,1,1961,28,,
1619,1959,28,,,,,1961,7,1962,28,,
1620,1960,31,,,,,1963,1,1964,30,,
1621,1960,32,,,,,1963,2,1964,30,,
1622,1961,27,,,,,1965,27,,,,
1623,1961,28,,,,,1965,28,,,,
1624,1962,2,1961,27,,,1965,29,,,,
1625,1961,29,,,,,1964,29,,,,
1626,1961,27,,,,,1965,27,,,,
1627,1960,28,,,,,1964,28,,,,
1628,1961,20,,,,,1965,20,,,,
1629,1961,32,,,,,1963,7,1965,32,,
1630,1962,27,,,,,1963,6,1965,27,,
1631,1961,23,,,,,1962,1,1963,6,1965,23
1632,1961,30,,,,,1964,30,,,,
1633,1962,1,1961,25,,,1965,26,,,,
1634,1964,4,1962,29,,,1965,29,,,,
1635,1961,27,,,,,1964,27,,,,
1636,1962,30,,,,,1963,3,1964,8,1966,30
1637,1962,2,1961,20,,,1964,20,,,,
1638,1961,25,,,,,1963,5,1964,25,,
1639,1963,5,1962,22,,,1965,22,,,,
1640,1963,2,1961,22,,,1964,22,,,,
1641,1963,1,1961,29,,,1965,29,,,,
1642,1961,23,,,,,1964,23,,,,
1643,1960,27,,,,,1964,27,,,,
1644,1960,27,,,,,1962,6,1963,27,,
1645,1961,1,1960,24,,,1962,5,1964,25,,
1646,1961,39,,,,,1964,32,,,,
1647,1960,27,,,,,1963,27,,,,
1648,1960,24,,,,,1963,24,,,,
1649,1960,24,,,,,1963,24,,,,
1650,1959,26,,,,,1963,26,,,,
1651,1959,28,,,,,1963,28,,,,
1652,1959,30,,,,,1963,30,,,,
1653,1960,1,1958,27,,,1961,27,,,,
1654,1957,30,,,,,1960,30,,,,
1655,1957,21,,,,,1960,21,,,,
1656,1958,28,,,,,1959,3,1961,28,,
1657,1960,1,1958,29,,,1962,29,,,,
1658,1957,23,,,,,1960,1,1961,23,,
1659,1957,28,,,,,1959,6,1960,28,,
1660,1958,4,1956,24,,,1960,24,,,,
1661,1956,22,,,,,1958,4,1959,22,,
1662,1956,22,,,,,1959,22,,,,
1663,1957,30,,,,,1960,30,,,,
1664,1957,23,,,,,1960,23,,,,
1665,1957,28,,,,,1960,29,,,,
1666,1957,28,,,,,1960,28,,,,
1667,1956,21,,,,,1960,21,,,,
1668,1957,3,1956,24,,,1960,24,,,,
1669,1957,24,,,,,1960,24,,,,
1670,1957,22,,,,,1960,22,,,,
1671,1957,31,,,,,1960,27,,,,
1672,1957,23,,,,,1959,8,1960,23,,
1673,1957,26,,,,,1960,26,,,,
1674,1957,29,,,,,1959,6,1961,29,,
1675,1958,27,,,,,1961,1,1962,26,,
1676,1957,25,,,,,1960,25,,,,
1677,1957,24,,,,,1959,6,1960,24,,
1678,1958,32,,,,,1961,32,,,,
1679,1958,29,,,,,1961,29,,,,
1680,1958,29,,,,,1961,29,,,,
1681,1958,23,,,,,1961,23,,,,
1682,1958,25,,,,,1960,3,1961,25,,
1683,1958,23,,,,,1961,20,,,,
1684,1959,1,1958,29,,,1960,6,1962,30,,
1685,1957,26,,,,,1961,26,,,,
1686,1957,22,,,,,1960,21,,,,
1687,1957,25,,,,,1960,20,,,,
1688,1956,27,,,,,1960,27,,,,
1689,1955,23,,,,,1958,23,,,,
1690,1954,18,,,,,1956,4,1957,28,,
1691,1951,29,,,,,1955,29,,,,
1692,1952,29,,,,,1956,29,,,,
1693,1951,26,,,,,1954,30,,,,
1694,1951,24,,,,,1953,6,1954,24,,
1695,1953,37,,,,,1956,30,,,,
1696,1952,22,,,,,1955,1,1956,21,,
1697,1953,4,1952,24,,,1956,24,,,,
1698,1951,28,,,,,1955,28,,,,
1699,1952,23,,,,,1955,23,,,,
1700,1951,20,,,,,1953,5,1955,20,,
1701,1953,25,,,,,1956,26,,,,
1702,1953,31,,,,,1956,31,,,,
1703,1954,25,,,,,1955,2,1957,25,,
1704,1953,26,,,,,1956,26,,,,
1705,1952,26,,,,,1954,6,1956,26,,
1706,1953,32,,,,,1956,32,,,,
1707,1953,24,,,,,1956,24,,,,
1708,1955,8,1954,21,,,1958,23,,,,
1709,1953,29,,,,,1956,29,,,,
1710,1953,38,,,,,1956,32,,,,
1711,1953,30,,,,,1957,30,,,,
1712,1953,31,,,,,1956,31,,,,
1713,1954,28,,,,,1956,6,1957,29,,
1714,1953,22,,,,,1956,1,1957,21,,
1715,1953,31,,,,,1955,8,1957,31,,
1716,1956,1,1954,1,1953,26,1957,27,,,,
1717,1954,27,,,,,1957,27,,,,
1718,1956,1,1954,22,,,1957,22,,,,
1719,1956,6,1955,26,,,1958,26,,,,
1720,1955,30,,,,,1959,30,,,,
1721,1954,24,,,,,1956,4,1957,2,1958,22
1722,1954,1,1953,23,,,1957,24,,,,
1723,1953,28,,,,,1955,7,1956,28,,
1724,1955,1,1953,23,,,1956,23,,,,
1725,1953,25,,,,,1956,25,,,,
1726,1953,24,,,,,1957,24,,,,
1727,1954,32,,,,,1957,32,,,,
1728,1953,29,,,,,1955,1,1956,30,,
1729,1952,20,,,,,1955,20,,,,
1730,1951,22,,,,,1954,22,,,,
1731,1952,29,,,,,1955,30,,,,
1732,1954,5,1953,32,,,1957,32,,,,
1733,1954,21,,,,,1957,21,,,,
1734,1955,27,,,,,1958,24,,,,
1735,1955,26,,,,,1958,26,,,,
1736,1957,6,1955,24,,,1958,24,,,,
1737,1955,20,,,,,1959,20,,,,
1738,1955,35,,,,,1958,29,,,,
1739,1955,31,,,,,1957,6,1959,31,,
1740,1955,29,,,,,1958,29,,,,
1741,1955,20,,,,,1957,4,1958,20,,
1742,1956,31,,,,,1959,31,,,,
1743,1956,25,,,,,1959,25,,,,
1744,1955,27,,,,,1956,1,1959,29,,
1745,1955,23,,,,,1957,1,1959,23,,
1746,1956,5,1955,28,,,1959,28,,,,
1747,1954,25,,,,,1958,25,,,,
1748,1955,30,,,,,1957,3,1958,1,1959,30
1749,1955,25,,,,,1957,3,1959,25,,
1750,1956,2,1955,21,,,1959,21,,,,
1751,1956,23,,,,,1959,23,,,,
1752,1956,26,,,,,1960,26,,,,
1753,1957,22,,,,,1961,22,,,,
1754,1956,27,,,,,1959,27,,,,
1755,1957,24,,,,,1960,24,,,,
1756,1957,31,,,,,1960,31,,,,
1757,1957,22,,,,,1961,22,,,,
1758,1958,26,,,,,1961,26,,,,
1759,1958,20,,,,,1962,20,,,,
1760,1958,30,,,,,1961,1,1962,29,,
1761,1957,29,,,,,1959,3,1960,29,,
1762,1957,1,1956,20,,,1960,21,,,,
1763,1956,20,,,,,1959,20,,,,
1764,1955,26,,,,,1957,8,1958,26,,
1765,1954,24,,,,,1957,2,1958,22,,
1766,1954,23,,,,,1955,6,1957,23,,
1767,1954,30,,,,,1957,30,,,,
1768,1952,26,,,,,1956,26,,,,
1769,1952,29,,,,,1955,29,,,,
1770,1952,29,,,,,1955,1,1956,29,,
1771,1951,30,,,,,1953,5,1955,30,,
1772,1951,27,,,,,1954,27,,,,
1773,1950,30,,,,,1953,30,,,,
1774,1950,31,,,,,1953,31,,,,
1775,1949,23,,,,,1951,2,1953,23,,
1776,1950,29,,,,,1953,29,,,,
1777,1950,24,,,,,1952,4,1953,24,,
1778,1950,34,,,,,1953,29,,,,
1779,1951,2,1950,29,,,1954,29,,,,
1780,1949,23,,,,,1952,23,,,,
1781,1950,4,1948,24,,,1951,2,1952,22,,
1782,1948,21,,,,,1951,21,,,,
1783,1947,27,,,,,1950,27,,,,
1784,1945,23,,,,,1948,23,,,,
1785,1945,25,,,,,1948,25,,,,
1786,1944,22,,,,,1947,22,,,,
1787,1944,21,,,,,1947,21,,,,
1788,1945,25,,,,,1947,8,1948,26,,
1789,1945,28,,,,,1948,28,,,,
1790,1945,31,,,,,1948,31,,,,
1791,1943,25,,,,,1946,2,1947,23,,
1792,1943,28,,,,,1946,28,,,,
1793,1943,26,,,,,1945,7,1946,26,,
1794,1945,5,1944,26,,,1947,26,,,,
1795,1945,31,,,,,1948,31,,,,
1796,1948,1,1946,5,1945,27,1949,29,,,,
1797,1947,8,1946,22,,,1949,2,1950,20,,
1798,1945,28,,,,,1948,28,,,,
1799,1947,4,1946,23,,,1950,23,,,,
1800,1946,28,,,,,1949,28,,,,
1801,1947,23,,,,,1950,21,,,,
1802,1944,1,1942,23,,,1946,23,,,,
1803,1942,19,,,,,1943,6,1945,20,,
1804,1946,1,1944,27,,,1947,27,,,,
1805,1944,26,,,,,1946,7,1948,26,,
1806,1943,2,1942,26,,,1946,28,,,,
1807,1942,27,,,,,1945,27,,,,
1808,1942,21,,,,,1945,21,,,,
1809,1942,36,,,,,1945,29,,,,
1810,1942,22,,,,,1944,7,1945,22,,
1811,1944,23,,,,,1947,23,,,,
1812,1944,29,,,,,1947,29,,,,
1813,1942,29,,,,,1944,3,1945,29,,
1814,1942,27,,,,,1945,27,,,,
1815,1942,25,,,,,1944,7,1945,25,,
1816,1944,31,,,,,1947,31,,,,
1817,1943,25,,,,,1946,21,,,,
1818,1943,21,,,,,1946,1,1947,20,,
1819,1943,27,,,,,1946,27,,,,
1820,1945,8,1944,26,,,1948,26,,,,
1821,1946,22,,,,,1949,22,,,,
1822,1946,29,,,,,1948,4,1949,29,,
1823,1946,23,,,,,1949,23,,,,
1824,1946,28,,,,,1948,1,1950,28,,
1825,1950,1,1948,29,,,1951,29,,,,
1826,1949,22,,,,,1952,22,,,,
1827,1948,31,,,,,1952,31,,,,
1828,1948,32,,,,,1949,6,1952,32,,
1829,1949,7,1948,20,,,1952,20,,,,
1830,1949,26,,,,,1952,23,,,,
1831,1949,27,,,,,1952,27,,,,
1832,1948,29,,,,,1950,6,1951,1,1952,28
1833,1950,28,,,,,1953,29,,,,
1834,1950,2,1949,20,,,1951,1,1953,22,,
1835,1951,1,1950,24,,,1953,2,1954,22,,
1836,1951,7,1949,26,,,1952,26,,,,
1837,1951,1,1949,23,,,1952,23,,,,
1838,1949,23,,,,,1952,24,,,,
1839,1950,30,,,,,1953,30,,,,
1840,1951,24,,,,,1954,24,,,,
1841,1952,33,,,,,1955,26,,,,
1842,1953,26,,,,,1955,5,1956,26,,
1843,1953,32,,,,,1956,32,,,,
1844,1953,29,,,,,1955,2,1956,29,,
1845,1953,21,,,,,1956,21,,,,
1846,1953,22,,,,,1956,22,,,,
1847,1954,22,,,,,1957,22,,,,
1848,1956,5,1954,28,,,1957,28,,,,
1849,1957,1,1955,27,,,1958,27,,,,
1850,1955,31,,,,,1957,5,1958,31,,
1851,1954,28,,,,,1956,5,1958,28,,
1852,1955,22,,,,,1958,22,,,,
1853,1957,1,1955,22,,,1958,22,,,,
1854,1956,4,1955,29,,,1959,29,,,,
1855,1956,2,1955,30,,,1959,32,,,,
1856,1956,32,,,,,1959,32,,,,
1857,1956,21,,,,,1960,21,,,,
1858,1958,1,1956,23,,,1959,23,,,,
1859,1956,24,,,,,1959,24,,,,
1860,1955,24,,,,,1957,7,1959,24,,
1861,1956,32,,,,,1959,32,,,,
1862,1956,1,1955,21,,,1959,22,,,,
1863,1956,27,,,,,1959,27,,,,
1864,1956,22,,,,,1959,22,,,,
1865,1956,26,,,,,1959,26,,,,
1866,1955,28,,,,,1958,28,,,,
1867,1954,26,,,,,1957,26,,,,
1868,1953,23,,,,,1957,23,,,,
1869,1953,30,,,,,1956,29,,,,
1870,1952,29,,,,,1954,2,1956,30,,
1871,1953,7,1952,23,,,1955,23,,,,
1872,1954,3,1953,23,,,1956,23,,,,
1873,1954,23,,,,,1956,6,1957,23,,
1874,1954,28,,,,,1957,27,,,,
1875,1953,30,,,,,1956,30,,,,
1876,1953,25,,,,,1956,26,,,,
1877,1952,26,,,,,1956,26,,,,
1878,1952,21,,,,,1956,21,,,,
1879,1952,27,,,,,1953,9,1955,2,1956,25
1880,1954,27,,,,,1957,27,,,,
1881,1958,1,1956,28,,,1959,28,,,,
1882,1956,31,,,,,1958,3,1960,31,,
1883,1955,27,,,,,1958,1,1959,26,,
1884,1955,30,,,,,1958,26,,,,
1885,1956,29,,,,,1960,29,,,,
1886,1955,24,,,,,1957,6,1958,24,,
1887,1955,24,,,,,1958,24,,,,
1888,1953,22,,,,,1955,3,1956,22,,
1889,1954,25,,,,,1957,25,,,,
1890,1957,2,1956,23,,,1960,23,,,,
1891,1958,25,,,,,1961,25,,,,
1892,1957,28,,,,,1960,28,,,,
1893,1957,22,,,,,1960,22,,,,
1894,1956,31,,,,,1959,31,,,,
1895,1958,24,,,,,1961,24,,,,
1896,1959,23,,,,,1960,2,1962,23,,
1897,1956,26,,,,,1960,26,,,,
1898,1958,23,,,,,1961,23,,,,
1899,1959,4,1958,28,,,1962,30,,,,
1900,1958,23,,,,,1961,1,1962,22,,
1901,1958,26,,,,,1962,26,,,,
1902,1958,29,,,,,1960,5,1961,30,,
1903,1958,28,,,,,1961,28,,,,
1904,1958,23,,,,,1960,7,1961,23,,
1905,1958,32,,,,,1962,32,,,,
1906,1958,24,,,,,1961,24,,,,
1907,1959,1,1957,35,,,1960,29,,,,
1908,1958,4,1957,5,1956,28,1960,30,,,,
1909,1958,26,,,,,1961,26,,,,
1910,1958,25,,,,,1961,25,,,,
1911,1957,33,,,,,1960,29,,,,
1912,1956,22,,,,,1959,22,,,,
1913,1955,29,,,,,1958,26,,,,
1914,1955,5,1954,29,,,1958,29,,,,
1915,1954,29,,,,,1957,29,,,,
1916,1954,1,1953,27,,,1957,28,,,,
1917,1955,28,,,,,1958,28,,,,
1918,1957,31,,,,,1960,28,,,,
1919,1957,2,1956,23,,,1960,25,,,,
1920,1957,29,,,,,1960,29,,,,
1921,1959,1,1957,2,1956,25,1960,25,,,,
1922,1960,1,1958,30,,,1961,27,,,,
1923,1959,1,1957,30,,,1960,26,,,,
1924,1957,27,,,,,1960,27,,,,
1925,1960,1,1958,27,,,1961,25,,,,
1926,1958,2,1957,27,,,1961,29,,,,
1927,1959,25,,,,,1962,25,,,,
1928,1959,25,,,,,1962,20,,,,
1929,1959,1,1958,26,,,1962,26,,,,
1930,1958,27,,,,,1959,3,1961,28,,
1931,1958,34,,,,,1961,27,,,,
1932,1960,1,1958,24,,,1961,22,,,,
1933,1957,26,,,,,1960,2,1961,24,,
1934,1958,27,,,,,1961,24,,,,
1935,1958,24,,,,,1962,24,,,,
1936,1957,25,,,,,1961,25,,,,
1937,1957,21,,,,,1961,21,,,,
1938,1958,2,1957,21,,,1961,23,,,,
1939,1958,31,,,,,1960,6,1962,31,,
1940,1957,28,,,,,1959,4,1960,28,,
1941,1958,31,,,,,1961,31,,,,
1942,1958,31,,,,,1961,26,,,,
1943,1958,26,,,,,1959,1,1962,26,,
1944,1959,31,,,,,1962,31,,,,
1945,1960,1,1959,20,,,1963,21,,,,
1946,1961,30,,,,,1963,7,1964,30,,
1947,1961,8,1960,28,,,1964,28,,,,
1948,1961,30,,,,,1963,5,1964,30,,
1949,1962,25,,,,,1964,7,1965,25,,
1950,1961,27,,,,,1964,27,,,,
1951,1960,29,,,,,1962,6,1963,29,,
1952,1960,21,,,,,1963,21,,,,
1953,1961,3,1959,35,,,1962,30,,,,
1954,1958,25,,,,,1962,25,,,,
1955,1957,20,,,,,1960,21,,,,
1956,1957,25,,,,,1958,2,1960,22,,
1957,1958,5,1957,29,,,1960,29,,,,
1958,1957,30,,,,,1960,30,,,,
1959,1958,24,,,,,1960,7,1961,2,1962,22
1960,1956,30,,,,,1958,1,1959,30,,
1961,1955,28,,,,,1957,6,1958,28,,
1962,1956,25,,,,,1957,8,1959,25,,
1963,1956,26,,,,,1959,26,,,,
1964,1955,22,,,,,1956,6,1959,22,,
1965,1955,20,,,,,1958,20,,,,
1966,1956,5,1955,24,,,1959,24,,,,
1967,1957,1,1956,8,1955,23,1958,2,1959,21,,
1968,1957,6,1956,28,,,1959,28,,,,
1969,1955,26,,,,,1958,26,,,,
1970,1954,21,,,,,1958,21,,,,
1971,1955,24,,,,,1958,24,,,,
1972,1955,26,,,,,1958,26,,,,
1973,1955,28,,,,,1958,28,,,,
1974,1956,1,1955,20,,,1959,21,,,,
1975,1956,29,,,,,1959,25,,,,
1976,1956,26,,,,,1959,1,1960,25,,
1977,1956,22,,,,,1959,23,,,,
1978,1956,22,,,,,1959,22,,,,
1979,1959,1,1957,26,,,1960,26,,,,
1980,1958,1,1957,28,,,1961,28,,,,
1981,1958,23,,,,,1961,23,,,,
1982,1959,2,1958,29,,,1962,31,,,,
1983,1958,2,1957,22,,,1961,24,,,,
1984,1959,30,,,,,1960,2,1962,30,,
1985,1958,32,,,,,1961,32,,,,
1986,1958,25,,,,,1961,25,,,,
1987,1959,22,,,,,1962,22,,,,
1988,1958,28,,,,,1961,28,,,,
1989,1960,1,1958,24,,,1961,23,,,,
1990,1958,31,,,,,1961,32,,,,
1991,1957,28,,,,,1960,23,,,,
1992,1958,31,,,,,1961,31,,,,
1993,1960,1,1958,30,,,1961,30,,,,
1994,1957,25,,,,,1959,8,1961,25,,
1995,1956,22,,,,,1960,22,,,,
1996,1956,28,,,,,1958,6,1959,28,,
1997,1957,30,,,,,1960,30,,,,
1998,1957,28,,,,,1960,28,,,,
1999,1957,25,,,,,1960,25,,,,
2000,1956,24,,,,,1959,24,,,,
2001,1954,30,,,,,1956,3,1957,32,,
2002,1952,29,,,,,1955,29,,,,
2003,1951,25,,,,,1954,2,1955,24,,
2004,1953,37,,,,,1956,31,,,,
2005,1952,29,,,,,1955,29,,,,
2006,1952,22,,,,,1953,4,1954,6,1955,22
2007,1951,29,,,,,1955,29,,,,
2008,1953,1,1952,24,,,1956,24,,,,
2009,1952,28,,,,,1955,1,1956,28,,
2010,1953,2,1952,27,,,1955,27,,,,
2011,1950,25,,,,,1954,25,,,,
2012,1951,28,,,,,1953,7,1954,28,,
2013,1951,22,,,,,1954,22,,,,
2014,1952,31,,,,,1955,31,,,,
2015,1952,20,,,,,1956,20,,,,
2016,1952,21,,,,,1955,21,,,,
2017,1953,29,,,,,1956,29,,,,
2018,1954,22,,,,,1956,2,1957,22,,
2019,1954,31,,,,,1957,1,1958,30,,
2020,1955,28,,,,,1959,28,,,,
2021,1956,23,,,,,1959,2,1960,22,,
2022,1958,5,1957,21,,,1960,21,,,,
2023,1956,4,1955,30,,,1959,30,,,,
2024,1958,1,1957,1,1956,28,1959,1,1960,27,,
2025,1957,26,,,,,1960,23,,,,
2026,1957,29,,,,,1960,29,,,,
2027,1957,22,,,,,1960,22,,,,
2028,1957,22,,,,,1960,22,,,,
2029,1956,28,,,,,1960,28,,,,
2030,1958,1,1956,25,,,1959,24,,,,
2031,1956,24,,,,,1959,24,,,,
2032,1956,30,,,,,1959,25,,,,
2033,1956,31,,,,,1957,2,1959,25,,
2034,1956,30,,,,,1959,30,,,,
2035,1956,1,1955,28,,,1959,29,,,,
2036,1956,26,,,,,1959,26,,,,
2037,1955,1,1953,23,,,1956,1,1957,22,,
2038,1956,6,1955,21,,,1958,21,,,,
2039,1954,27,,,,,1956,7,1958,27,,
2040,1957,2,1955,30,,,1958,30,,,,
2041,1955,21,,,,,1957,4,1958,21,,
2042,1955,25,,,,,1959,25,,,,
2043,1956,21,,,,,1960,21,,,,
2044,1957,30,,,,,1959,1,1961,30,,
2045,1957,21,,,,,1959,2,1961,21,,
2046,1957,31,,,,,1959,3,1960,31,,
2047,1958,24,,,,,1961,24,,,,
2048,1956,27,,,,,1958,2,1959,1,1960,26
2049,1955,28,,,,,1957,4,1959,28,,
2050,1956,28,,,,,1957,1,1960,28,,
2051,1957,2,1956,22,,,1959,22,,,,
2052,1956,28,,,,,1959,28,,,,
2053,1955,22,,,,,1959,22,,,,
2054,1957,1,1955,23,,,1958,23,,,,
2055,1954,29,,,,,1958,29,,,,
2056,1957,24,,,,,1960,24,,,,
2057,1958,30,,,,,1960,4,1961,30,,
2058,1959,33,,,,,1962,29,,,,
2059,1958,34,,,,,1961,28,,,,
2060,1960,28,,,,,1963,28,,,,
2061,1959,28,,,,,1962,28,,,,
2062,1960,25,,,,,1963,25,,,,
2063,1960,28,,,,,1963,28,,,,
2064,1960,25,,,,,1963,25,,,,
2065,1960,30,,,,,1963,30,,,,
2066,1957,27,,,,,1961,27,,,,
2067,1958,27,,,,,1959,5,1962,27,,
2068,1959,24,,,,,1962,23,,,,
2069,1958,28,,,,,1961,1,1962,27,,
2070,1956,22,,,,,1959,23,,,,
2071,1956,32,,,,,1959,26,,,,
2072,1956,2,1955,27,,,1958,27,,,,
2073,1954,32,,,,,1957,27,,,,
2074,1954,30,,,,,1957,30,,,,
2075,1955,2,1954,21,,,1958,23,,,,
2076,1956,8,1955,6,1954,30,1958,30,,,,
2077,1954,31,,,,,1957,31,,,,
2078,1957,1,1955,24,,,1958,24,,,,
2079,1955,19,,,,,1958,20,,,,
2080,1955,28,,,,,1958,25,,,,
2081,1955,34,,,,,1958,31,,,,
2082,1955,28,,,,,1958,28,,,,
2083,1954,22,,,,,1957,23,,,,
2084,1954,24,,,,,1957,24,,,,
2085,1954,20,,,,,1957,20,,,,
2086,1953,29,,,,,1956,29,,,,
2087,1953,33,,,,,1956,26,,,,
2088,1953,26,,,,,1957,26,,,,
2089,1953,26,,,,,1954,2,1956,27,,
2090,1953,1,1951,26,,,1954,26,,,,
2091,1952,27,,,,,1955,27,,,,
2092,1950,26,,,,,1953,26,,,,
2093,1949,32,,,,,1951,3,1952,32,,
2094,1948,32,,,,,1952,32,,,,
2095,1947,24,,,,,1950,24,,,,
2096,1945,26,,,,,1949,26,,,,
2097,1943,28,,,,,1945,3,1946,2,1947,27
2098,1948,3,1946,24,,,1949,24,,,,
2099,1945,29,,,,,1947,1,1948,29,,
2100,1945,27,,,,,1946,3,1947,8,1948,27
2101,1945,23,,,,,1947,6,1949,24,,
2102,1946,29,,,,,1949,29,,,,
2103,1946,31,,,,,1949,32,,,,
2104,1946,26,,,,,1949,27,,,,
2105,1947,5,1946,29,,,1949,22,,,,
2106,1945,24,,,,,1949,24,,,,
2107,1944,30,,,,,1947,2,1948,28,,
2108,1944,27,,,,,1947,26,,,,
2109,1943,26,,,,,1946,26,,,,
2110,1939,22,,,,,1942,22,,,,
2111,1936,24,,,,,1939,24,,,,
2112,1936,28,,,,,1939,28,,,,
2113,1935,27,,,,,1938,27,,,,
2114,1936,6,1935,21,,,1939,23,,,,
2115,1935,36,,,,,1938,30,,,,
2116,1936,6,1935,30,,,1939,30,,,,
2117,1934,32,,,,,1936,7,1938,32,,
2118,1934,21,,,,,1937,22,,,,
2119,1933,24,,,,,1937,24,,,,
2120,1930,24,,,,,1933,24,,,,
2121,1934,5,1932,20,,,1935,20,,,,
2122,1931,1,1930,24,,,1934,24,,,,
2123,1933,4,1932,23,,,1935,23,,,,
2124,1933,22,,,,,1937,22,,,,
2125,1936,25,,,,,1938,6,1939,25,,
2126,1935,29,,,,,1938,29,,,,
2127,1935,21,,,,,1938,21,,,,
2128,1934,19,,,,,1938,20,,,,
2129,1936,1,1935,25,,,1939,26,,,,
2130,1936,30,,,,,1939,30,,,,
2131,1936,5,1935,26,,,1939,26,,,,
2132,1933,6,1932,20,,,1935,20,,,,
2133,1931,25,,,,,1935,25,,,,
2134,1931,40,,,,,1934,32,,,,
2135,1931,23,,,,,1933,7,1934,23,,
2136,1931,21,,,,,1934,21,,,,
2137,1932,29,,,,,1935,29,,,,
2138,1931,31,,,,,1933,4,1934,31,,
2139,1930,21,,,,,1933,2,1934,20,,
2140,1930,24,,,,,1934,24,,,,
2141,1930,23,,,,,1933,23,,,,
2142,1929,31,,,,,1932,29,,,,
2143,1929,25,,,,,1931,6,1932,25,,
2144,1929,21,,,,,1932,21,,,,
2145,1929,24,,,,,1932,24,,,,
2146,1930,1,1929,26,,,1933,26,,,,
2147,1924,28,,,,,1927,28,,,,
2148,1925,30,,,,,1926,5,1928,28,,
2149,1928,22,,,,,1931,22,,,,
2150,1924,27,,,,,1927,27,,,,
2151,1928,26,,,,,1931,1,1932,25,,
2152,1927,20,,,,,1928,4,1930,20,,
2153,1928,27,,,,,1931,25,,,,
2154,1927,30,,,,,1928,5,1929,5,1930,30
2155,1927,27,,,,,1929,1,1930,27,,
2156,1924,29,,,,,1928,29,,,,
2157,1924,1,1923,21,,,1927,21,,,,
2158,1919,27,,,,,1923,28,,,,
2159,1920,27,,,,,1923,27,,,,
2160,1921,8,1919,28,,,1922,28,,,,
2161,1926,1,1924,31,,,1927,31,,,,
2162,1923,23,,,,,1927,23,,,,
2163,1922,22,,,,,1925,22,,,,
2164,1924,22,,,,,1927,25,,,,
2165,1925,23,,,,,1926,2,1927,2,1928,24
2166,1923,25,,,,,1925,5,1926,25,,
2167,1924,24,,,,,1927,24,,,,
2168,1922,28,,,,,1925,28,,,,
2169,1922,22,,,,,1923,7,1925,22,,
2170,1922,22,,,,,1924,2,1925,22,,
2171,1923,1,1922,23,,,1926,23,,,,
2172,1923,27,,,,,1926,27,,,,
2173,1923,2,1922,24,,,1926,26,,,,
2174,1924,26,,,,,1927,22,,,,
2175,1924,23,,,,,1927,23,,,,
2176,1925,24,,,,,1928,24,,,,
2177,1928,1,1926,28,,,1930,28,,,,
2178,1929,5,1928,29,,,1932,30,,,,
2179,1928,26,,,,,1931,26,,,,
2180,1927,24,,,,,1930,24,,,,
2181,1927,30,,,,,1931,30,,,,
2182,1928,27,,,,,1929,1,1932,27,,
2183,1929,25,,,,,1932,25,,,,
2184,1928,34,,,,,1931,27,,,,
2185,1928,25,,,,,1931,25,,,,
2186,1928,31,,,,,1931,31,,,,
2187,1928,27,,,,,1930,6,1932,27,,
2188,1931,9,1930,21,,,1934,22,,,,
2189,1931,1,1930,30,,,1932,6,1934,31,,
2190,1931,2,1930,23,,,1934,25,,,,
2191,1931,26,,,,,1934,1,1935,25,,
2192,1932,23,,,,,1934,2,1935,23,,
2193,1931,22,,,,,1934,22,,,,
2194,1929,23,,,,,1931,4,1932,2,1933,21
2195,1930,28,,,,,1934,28,,,,
2196,1929,20,,,,,1931,4,1933,20,,
2197,1930,28,,,,,1933,28,,,,
2198,1930,26,,,,,1934,26,,,,
2199,1930,26,,,,,1932,3,1934,26,,
2200,1930,26,,,,,1933,1,1934,25,,
2201,1930,30,,,,,1933,30,,,,
2202,1930,24,,,,,1933,24,,,,
2203,1929,32,,,,,1933,32,,,,
2204,1930,30,,,,,1933,30,,,,
2205,1930,25,,,,,1931,3,1933,22,,
2206,1931,23,,,,,1933,1,1934,23,,
2207,1931,23,,,,,1934,21,,,,
2208,1933,29,,,,,1936,22,,,,
2209,1935,27,,,,,1937,4,1938,27,,
2210,1933,33,,,,,1936,30,,,,
2211,1933,30,,,,,1936,30,,,,
2212,1934,28,,,,,1937,21,,,,
2213,1935,30,,,,,1938,30,,,,
2214,1933,26,,,,,1936,26,,,,
2215,1934,1,1933,28,,,1937,29,,,,
2216,1935,27,,,,,1938,27,,,,
2217,1934,24,,,,,1937,24,,,,
2218,1934,2,1933,24,,,1937,24,,,,
2219,1934,24,,,,,1938,24,,,,
2220,1935,32,,,,,1938,26,,,,
2221,1934,22,,,,,1936,5,1937,22,,
2222,1935,23,,,,,1938,23,,,,
2223,1938,20,,,,,1941,20,,,,
2224,1939,30,,,,,1940,5,1942,30,,
2225,1939,30,,,,,1942,30,,,,
2226,1939,31,,,,,1943,31,,,,
2227,1941,4,1940,22,,,1943,22,,,,
2228,1939,22,,,,,1941,7,1942,22,,
2229,1943,32,,,,,1946,32,,,,
2230,1942,22,,,,,1945,23,,,,
2231,1942,4,1941,26,,,1943,8,1944,26,,
2232,1940,25,,,,,1944,25,,,,
2233,1942,1,1940,25,,,1943,25,,,,
2234,1941,5,1940,29,,,1944,29,,,,
2235,1940,23,,,,,1942,7,1943,23,,
2236,1942,5,1941,22,,,1944,22,,,,
2237,1941,26,,,,,1944,26,,,,
2238,1941,1,1940,24,,,1944,26,,,,
2239,1940,30,,,,,1943,30,,,,
2240,1939,23,,,,,1941,6,1943,23,,
2241,1940,26,,,,,1943,1,1944,25,,
2242,1940,8,1939,24,,,1943,24,,,,
2243,1939,23,,,,,1942,23,,,,
2244,1939,30,,,,,1941,5,1942,30,,
2245,1940,4,1938,26,,,1942,26,,,,
2246,1937,21,,,,,1940,21,,,,
2247,1938,4,1937,26,,,1940,2,1941,24,,
2248,1936,21,,,,,1939,21,,,,
2249,1936,21,,,,,1938,1,1939,1,1940,20
2250,1938,25,,,,,1941,25,,,,
2251,1937,26,,,,,1940,26,,,,
2252,1936,31,,,,,1939,1,1940,30,,
2253,1936,20,,,,,1939,20,,,,
2254,1935,22,,,,,1939,22,,,,
2255,1936,3,1935,26,,,1939,26,,,,
2256,1936,2,1935,27,,,1939,27,,,,
2257,1935,24,,,,,1938,1,1939,24,,
2258,1935,22,,,,,1938,22,,,,
2259,1936,1,1934,26,,,1937,26,,,,
2260,1933,21,,,,,1936,21,,,,
2261,1932,21,,,,,1935,1,1936,20,,
2262,1932,29,,,,,1935,22,,,,
2263,1932,29,,,,,1934,5,1935,29,,
2264,1931,23,,,,,1934,23,,,,
2265,1928,33,,,,,1931,32,,,,
2266,1932,28,,,,,1935,28,,,,
2267,1931,31,,,,,1933,6,1935,31,,
2268,1932,23,,,,,1935,28,,,,
2269,1932,30,,,,,1935,30,,,,
2270,1931,26,,,,,1935,26,,,,
2271,1935,24,,,,,1937,4,1938,25,,
2272,1934,31,,,,,1936,2,1938,31,,
2273,1933,30,,,,,1935,6,1936,30,,
2274,1935,31,,,,,1938,29,,,,
2275,1935,25,,,,,1939,25,,,,
2276,1936,30,,,,,1939,26,,,,
2277,1936,24,,,,,1939,22,,,,
2278,1935,1,1934,20,,,1938,21,,,,
2279,1936,27,,,,,1940,27,,,,
2280,1937,4,1936,24,,,1940,24,,,,
2281,1934,32,,,,,1936,6,1937,2,1938,30
2282,1935,5,1934,27,,,1938,27,,,,
2283,1934,34,,,,,1937,28,,,,
2284,1935,3,1934,23,,,1937,23,,,,
2285,1934,29,,,,,1937,29,,,,
2286,1935,22,,,,,1938,22,,,,
2287,1935,37,,,,,1938,31,,,,
2288,1933,24,,,,,1937,24,,,,
2289,1935,36,,,,,1938,31,,,,
2290,1934,25,,,,,1936,5,1938,25,,
2291,1934,22,,,,,1937,22,,,,
2292,1935,24,,,,,1938,24,,,,
2293,1934,31,,,,,1937,31,,,,
2294,1934,24,,,,,1937,24,,,,
2295,1933,29,,,,,1936,29,,,,
2296,1932,3,1931,26,,,1933,8,1934,26,,
2297,1931,1,1929,27,,,1932,2,1933,25,,
2298,1930,34,,,,,1933,30,,,,
2299,1932,28,,,,,1935,28,,,,
2300,1930,30,,,,,1934,31,,,,
2301,1930,30,,,,,1931,10,1933,31,,
2302,1931,24,,,,,1934,24,,,,
2303,1931,22,,,,,1934,22,,,,
2304,1931,24,,,,,1934,24,,,,
2305,1930,2,1929,22,,,1933,22,,,,
2306,1930,21,,,,,1933,21,,,,
2307,1929,27,,,,,1931,3,1932,27,,
2308,1930,29,,,,,1933,29,,,,
2309,1930,30,,,,,1933,30,,,,
2310,1931,25,,,,,1934,25,,,,
2311,1930,2,1929,20,,,1931,5,1933,22,,
2312,1929,28,,,,,1932,2,1933,26,,
2313,1929,26,,,,,1932,26,,,,
2314,1932,2,1930,28,,,1933,28,,,,
2315,1931,30,,,,,1934,30,,,,
2316,1932,29,,,,,1933,1,1936,29,,
2317,1932,31,,,,,1933,4,1935,32,,
2318,1932,29,,,,,1935,29,,,,
2319,1932,29,,,,,1936,29,,,,
2320,1934,9,1932,28,,,1935,28,,,,
2321,1932,26,,,,,1935,26,,,,
2322,1932,25,,,,,1935,2,1936,23,,
2323,1932,1,1931,28,,,1935,28,,,,
2324,1932,7,1931,28,,,1934,2,1935,26,,
2325,1933,30,,,,,1936,30,,,,
2326,1933,23,,,,,1936,23,,,,
2327,1933,27,,,,,1937,27,,,,
2328,1933,24,,,,,1936,24,,,,
2329,1932,26,,,,,1935,26,,,,
2330,1932,20,,,,,1936,20,,,,
2331,1933,26,,,,,1935,7,1936,26,,
2332,1934,31,,,,,1936,6,1937,31,,
2333,1936,22,,,,,1939,22,,,,
2334,1935,28,,,,,1938,28,,,,
2335,1934,20,,,,,1936,2,1937,20,,
2336,1934,26,,,,,1937,26,,,,
2337,1934,31,,,,,1937,1,1938,30,,
2338,1934,25,,,,,1937,25,,,,
2339,1937,1,1936,6,1935,25,1939,25,,,,
2340,1935,31,,,,,1939,31,,,,
2341,1935,30,,,,,1939,30,,,,
2342,1935,25,,,,,1938,26,,,,
2343,1935,28,,,,,1938,28,,,,
2344,1935,28,,,,,1938,28,,,,
2345,1936,29,,,,,1939,25,,,,
2346,1937,29,,,,,1940,29,,,,
2347,1938,4,1936,22,,,1940,22,,,,
2348,1936,29,,,,,1939,29,,,,
2349,1936,27,,,,,1939,24,,,,
2350,1936,25,,,,,1939,25,,,,
2351,1936,25,,,,,1939,25,,,,
2352,1937,8,1936,27,,,1940,27,,,,
2353,1936,24,,,,,1939,24,,,,
2354,1935,23,,,,,1939,23,,,,
2355,1936,29,,,,,1937,1,1940,29,,
2356,1935,25,,,,,1938,25,,,,
2357,1936,22,,,,,1939,22,,,,
2358,1936,30,,,,,1939,22,,,,
2359,1935,24,,,,,1936,3,1937,8,1939,24
2360,1936,30,,,,,1939,30,,,,
2361,1936,32,,,,,1939,32,,,,
2362,1937,30,,,,,1940,30,,,,
2363,1938,25,,,,,1941,25,,,,
2364,1939,1,1938,26,,,1940,7,1942,27,,
2365,1938,29,,,,,1942,29,,,,
2366,1940,4,1938,29,,,1941,29,,,,
2367,1939,21,,,,,1940,6,1942,21,,
2368,1937,23,,,,,1939,5,1940,23,,
2369,1936,25,,,,,1937,4,1939,1,1940,24
2370,1933,26,,,,,1937,26,,,,
2371,1934,28,,,,,1937,28,,,,
2372,1933,1,1932,24,,,1936,24,,,,
2373,1933,24,,,,,1936,25,,,,
2374,1932,30,,,,,1933,1,1934,1,1936,30
2375,1933,6,1931,26,,,1935,26,,,,
2376,1932,22,,,,,1935,22,,,,
2377,1932,5,1931,28,,,1935,28,,,,
2378,1932,36,,,,,1935,32,,,,
2379,1932,23,,,,,1935,23,,,,
2380,1933,25,,,,,1936,26,,,,
2381,1931,26,,,,,1933,3,1934,1,1935,25
2382,1932,24,,,,,1934,5,1935,24,,
2383,1932,22,,,,,1934,1,1935,2,1936,20
2384,1931,23,,,,,1933,5,1935,23,,
2385,1931,24,,,,,1933,4,1935,24,,
2386,1933,23,,,,,1936,23,,,,
2387,1933,28,,,,,1936,29,,,,
2388,1934,4,1933,25,,,1936,25,,,,
2389,1932,21,,,,,1935,21,,,,
2390,1933,24,,,,,1936,24,,,,
2391,1932,26,,,,,1934,7,1936,26,,
2392,1933,24,,,,,1936,24,,,,
2393,1934,26,,,,,1936,3,1937,26,,
2394,1934,23,,,,,1937,23,,,,
2395,1933,30,,,,,1936,30,,,,
2396,1932,23,,,,,1935,23,,,,
2397,1932,25,,,,,1934,8,1936,25,,
2398,1931,32,,,,,1934,29,,,,
2399,1930,29,,,,,1934,29,,,,
2400,1930,3,1929,28,,,1933,28,,,,
2401,1928,30,,,,,1930,1,1931,30,,
2402,1929,31,,,,,1930,2,1932,31,,
2403,1928,35,,,,,1931,28,,,,
2404,1927,22,,,,,1930,22,,,,
2405,1928,28,,,,,1929,8,1931,28,,
2406,1926,30,,,,,1930,30,,,,
2407,1930,1,1929,5,1928,2,1931,23,,,,
2408,1929,1,1927,28,,,1930,28,,,,
2409,1929,1,1928,24,,,1932,25,,,,
2410,1926,22,,,,,1930,22,,,,
2411,1927,32,,,,,1930,32,,,,
2412,1927,27,,,,,1930,27,,,,
2413,1927,22,,,,,1930,26,,,,
2414,1926,28,,,,,1929,1,1930,27,,
2415,1929,30,,,,,1932,30,,,,
2416,1929,23,,,,,1930,4,1931,1,1933,23
2417,1929,29,,,,,1931,3,1932,29,,
2418,1929,35,,,,,1932,30,,,,
2419,1929,1,1928,23,,,1932,24,,,,
2420,1929,30,,,,,1931,8,1932,30,,
2421,1930,6,1929,32,,,1932,2,1933,30,,
2422,1928,21,,,,,1931,21,,,,
2423,1928,28,,,,,1929,3,1931,28,,
2424,1928,29,,,,,1931,29,,,,
2425,1927,23,,,,,1930,23,,,,
2426,1927,31,,,,,1928,4,1930,31,,
2427,1928,32,,,,,1931,32,,,,
2428,1927,27,,,,,1930,27,,,,
2429,1926,22,,,,,1930,22,,,,
2430,1926,21,,,,,1929,22,,,,
2431,1927,3,1925,21,,,1929,21,,,,
2432,1924,30,,,,,1927,30,,,,
2433,1924,8,1923,30,,,1927,32,,,,
2434,1923,21,,,,,1926,21,,,,
2435,1924,24,,,,,1927,24,,,,
2436,1924,32,,,,,1927,32,,,,
2437,1926,1,1924,30,,,1927,30,,,,
2438,1924,30,,,,,1927,30,,,,
2439,1924,26,,,,,1927,26,,,,
2440,1924,8,1923,31,,,1926,2,1927,29,,
2441,1924,28,,,,,1927,29,,,,
2442,1927,29,,,,,1931,29,,,,
2443,1928,39,,,,,1929,6,1931,32,,
2444,1928,21,,,,,1931,21,,,,
2445,1927,21,,,,,1930,1,1931,20,,
2446,1927,21,,,,,1929,4,1930,21,,
2447,1927,22,,,,,1930,22,,,,
2448,1927,29,,,,,1929,1,1930,29,,
2449,1927,21,,,,,1928,2,1931,21,,
2450,1927,28,,,,,1929,8,1930,28,,
2451,1926,21,,,,,1929,21,,,,
2452,1927,1,1926,30,,,1928,6,1930,32,,
2453,1928,2,1927,27,,,1931,29,,,,
2454,1926,30,,,,,1930,30,,,,
2455,1926,29,,,,,1929,29,,,,
2456,1927,20,,,,,1930,20,,,,
2457,1928,20,,,,,1932,20,,,,
2458,1929,2,1928,29,,,1932,29,,,,
2459,1928,29,,,,,1931,29,,,,
2460,1930,1,1928,31,,,1931,1,1932,30,,
2461,1929,24,,,,,1932,24,,,,
2462,1928,24,,,,,1932,24,,,,
2463,1927,28,,,,,1930,28,,,,
2464,1929,38,,,,,1932,31,,,,
2465,1930,31,,,,,1933,25,,,,
2466,1932,27,,,,,1935,27,,,,
2467,1930,30,,,,,1934,30,,,,
2468,1931,28,,,,,1934,29,,,,
2469,1929,30,,,,,1932,27,,,,
2470,1929,27,,,,,1930,1,1933,27,,
2471,1930,30,,,,,1932,2,1933,30,,
2472,1932,1,1930,28,,,1933,26,,,,
2473,1931,25,,,,,1934,25,,,,
2474,1931,30,,,,,1934,1,1935,29,,
2475,1933,27,,,,,1935,6,1936,27,,
2476,1933,25,,,,,1936,23,,,,
2477,1933,35,,,,,1936,32,,,,
2478,1934,3,1933,23,,,1937,23,,,,
2479,1932,27,,,,,1935,27,,,,
2480,1933,25,,,,,1936,2,1937,23,,
2481,1934,26,,,,,1937,26,,,,
2482,1933,4,1932,23,,,1935,23,,,,
2483,1933,8,1931,25,,,1934,25,,,,
2484,1932,22,,,,,1935,22,,,,
2485,1931,23,,,,,1935,23,,,,
2486,1935,5,1933,28,,,1937,28,,,,
2487,1932,20,,,,,1936,20,,,,
2488,1932,23,,,,,1935,24,,,,
2489,1933,25,,,,,1936,26,,,,
2490,1935,1,1933,22,,,1936,22,,,,
2491,1934,22,,,,,1937,22,,,,
2492,1935,3,1933,24,,,1936,24,,,,
2493,1933,30,,,,,1936,30,,,,
2494,1934,5,1933,30,,,1937,30,,,,
2495,1933,25,,,,,1936,25,,,,
2496,1933,2,1932,24,,,1936,26,,,,
2497,1932,24,,,,,1936,24,,,,
2498,1926,22,,,,,1930,22,,,,
2499,1926,30,,,,,1929,30,,,,
2500,1926,29,,,,,1929,29,,,,
2501,1926,28,,,,,1929,28,,,,
2502,1926,24,,,,,1929,24,,,,
2503,1926,29,,,,,1930,29,,,,
2504,1927,21,,,,,1930,21,,,,
2505,1925,22,,,,,1928,22,,,,
2506,1923,23,,,,,1926,23,,,,
2507,1924,4,1922,28,,,1925,23,,,,
2508,1923,29,,,,,1926,27,,,,
2509,1924,26,,,,,1927,26,,,,
2510,1925,1,1923,28,,,1926,24,,,,
2511,1924,21,,,,,1927,21,,,,
2512,1925,28,,,,,1928,28,,,,
2513,1924,27,,,,,1928,27,,,,
2514,1925,24,,,,,1926,4,1928,24,,
2515,1926,27,,,,,1929,27,,,,
2516,1926,31,,,,,1928,6,1929,31,,
2517,1929,1,1927,27,,,1930,27,,,,
2518,1926,21,,,,,1929,21,,,,
2519,1927,27,,,,,1931,27,,,,
2520,1927,28,,,,,1930,29,,,,
2521,1928,36,,,,,1929,3,1931,32,,
2522,1929,26,,,,,1932,23,,,,
2523,1930,22,,,,,1932,4,1933,22,,
2524,1929,30,,,,,1930,5,1932,30,,
2525,1930,22,,,,,1933,22,,,,
2526,1930,30,,,,,1933,30,,,,
2527,1929,25,,,,,1931,6,1932,25,,
2528,1929,25,,,,,1932,25,,,,
2529,1929,26,,,,,1932,24,,,,
2530,1930,21,,,,,1933,21,,,,
2531,1931,27,,,,,1934,27,,,,
2532,1932,28,,,,,1935,28,,,,
2533,1932,30,,,,,1935,30,,,,
2534,1930,23,,,,,1933,24,,,,
2535,1931,22,,,,,1934,2,1935,20,,
2536,1933,1,1931,30,,,1934,30,,,,
2537,1931,25,,,,,1933,2,1934,25,,
2538,1930,28,,,,,1932,8,1933,28,,
2539,1930,28,,,,,1933,28,,,,
2540,1928,31,,,,,1931,2,1932,30,,
2541,1927,26,,,,,1931,26,,,,
2542,1929,24,,,,,1932,24,,,,
2543,1930,26,,,,,1932,1,1933,26,,
2544,1926,24,,,,,1927,5,1930,24,,
2545,1928,34,,,,,1931,28,,,,
2546,1927,25,,,,,1929,8,1931,25,,
2547,1928,23,,,,,1931,23,,,,
2548,1928,32,,,,,1931,32,,,,
2549,1926,2,1925,27,,,1927,4,1928,27,,
2550,1924,31,,,,,1927,1,1928,30,,
2551,1927,1,1926,6,1925,21,1929,21,,,,
2552,1925,25,,,,,1929,25,,,,
2553,1925,26,,,,,1928,26,,,,
2554,1925,31,,,,,1928,31,,,,
2555,1925,29,,,,,1928,30,,,,
2556,1925,2,1924,38,,,1927,32,,,,
2557,1923,22,,,,,1926,22,,,,
2558,1924,20,,,,,1927,25,,,,
2559,1925,5,1924,33,,,1927,28,,,,
2560,1926,1,1924,22,,,1927,22,,,,
2561,1925,28,,,,,1928,29,,,,
2562,1926,28,,,,,1928,5,1929,28,,
2563,1927,22,,,,,1930,22,,,,
2564,1927,27,,,,,1930,26,,,,
2565,1930,7,1929,26,,,1932,1,1933,25,,
2566,1929,23,,,,,1932,23,,,,
2567,1929,22,,,,,1932,22,,,,
2568,1929,22,,,,,1931,2,1932,22,,
2569,1929,27,,,,,1932,27,,,,
2570,1929,30,,,,,1931,4,1933,30,,
2571,1928,26,,,,,1932,26,,,,
2572,1929,24,,,,,1932,25,,,,
2573,1930,4,1929,28,,,1932,28,,,,
2574,1931,27,,,,,1933,7,1934,27,,
2575,1932,21,,,,,1934,6,1935,21,,
2576,1931,22,,,,,1934,22,,,,
2577,1931,30,,,,,1933,1,1934,30,,
2578,1932,29,,,,,1935,29,,,,
2579,1935,1,1933,23,,,1936,23,,,,
2580,1933,25,,,,,1936,25,,,,
2581,1934,32,,,,,1937,32,,,,
2582,1933,28,,,,,1936,1,1937,27,,
2583,1933,26,,,,,1936,26,,,,
2584,1933,23,,,,,1936,23,,,,
2585,1932,26,,,,,1936,26,,,,
2586,1932,21,,,,,1935,1,1936,20,,
2587,1934,27,,,,,1937,27,,,,
2588,1934,22,,,,,1937,22,,,,
2589,1934,21,,,,,1937,22,,,,
2590,1933,32,,,,,1936,32,,,,
2591,1933,2,1932,27,,,1936,27,,,,
2592,1933,28,,,,,1936,21,,,,
2593,1933,32,,,,,1936,30,,,,
2594,1933,31,,,,,1936,32,,,,
2595,1932,24,,,,,1934,1,1935,24,,
2596,1932,24,,,,,1934,7,1935,24,,
2597,1932,25,,,,,1935,26,,,,
2598,1934,6,1933,28,,,1936,1,1937,27,,
2599,1934,28,,,,,1937,28,,,,
2600,1934,24,,,,,1936,8,1937,24,,
2601,1933,25,,,,,1936,25,,,,
2602,1933,28,,,,,1937,28,,,,
2603,1934,31,,,,,1937,31,,,,
2604,1932,20,,,,,1934,7,1935,20,,
2605,1931,18,,,,,1934,23,,,,
2606,1928,23,,,,,1932,23,,,,
2607,1929,18,,,,,1932,22,,,,
2608,1931,1,1929,30,,,1932,30,,,,
2609,1929,20,,,,,1931,4,1933,20,,
2610,1929,24,,,,,1932,29,,,,
2611,1929,25,,,,,1932,25,,,,
2612,1929,30,,,,,1930,5,1931,3,1932,30
2613,1930,1,1928,31,,,1931,24,,,,
2614,1928,20,,,,,1930,3,1931,21,,
2615,1929,2,1928,29,,,1931,1,1932,28,,
2616,1928,6,1927,23,,,1931,25,,,,
2617,1928,2,1927,27,,,1931,29,,,,
2618,1927,25,,,,,1929,6,1931,25,,
2619,1927,30,,,,,1930,30,,,,
2620,1928,5,1927,27,,,1930,1,1931,26,,
2621,1927,29,,,,,1930,30,,,,
2622,1927,35,,,,,1930,28,,,,
2623,1926,26,,,,,1929,26,,,,
2624,1928,27,,,,,1930,8,1931,2,1932,25
2625,1926,30,,,,,1929,30,,,,
2626,1928,25,,,,,1931,25,,,,
2627,1928,24,,,,,1931,25,,,,
2628,1928,24,,,,,1931,24,,,,
2629,1928,38,,,,,1931,31,,,,
2630,1929,22,,,,,1932,22,,,,
2631,1929,23,,,,,1932,23,,,,
2632,1930,3,1929,28,,,1932,27,,,,
2633,1930,2,1929,21,,,1933,21,,,,
2634,1930,20,,,,,1933,20,,,,
2635,1929,32,,,,,1932,32,,,,
2636,1929,29,,,,,1932,24,,,,
2637,1930,21,,,,,1932,5,1933,21,,
2638,1930,25,,,,,1932,1,1933,25,,
2639,1931,24,,,,,1934,24,,,,
2640,1928,7,1927,21,,,1931,21,,,,
2641,1926,26,,,,,1929,26,,,,
2642,1927,4,1926,27,,,1929,1,1930,26,,
2643,1926,22,,,,,1927,4,1930,22,,
2644,1926,28,,,,,1929,28,,,,
2645,1927,30,,,,,1930,30,,,,
2646,1927,26,,,,,1930,26,,,,
2647,1926,30,,,,,1928,3,1930,30,,
2648,1925,27,,,,,1929,27,,,,
2649,1926,6,1925,28,,,1928,28,,,,
2650,1925,22,,,,,1927,7,1928,22,,
2651,1923,32,,,,,1926,32,,,,
2652,1923,25,,,,,1925,3,1926,25,,
2653,1923,32,,,,,1926,32,,,,
2654,1921,25,,,,,1924,25,,,,
2655,1921,29,,,,,1924,29,,,,
2656,1921,23,,,,,1924,23,,,,
2657,1920,25,,,,,1923,25,,,,
2658,1920,30,,,,,1923,30,,,,
2659,1922,5,1921,20,,,1923,3,1924,20,,
2660,1922,5,1921,27,,,1924,1,1925,26,,
2661,1920,27,,,,,1921,1,1923,27,,
2662,1922,31,,,,,1926,31,,,,
2663,1920,22,,,,,1923,22,,,,
2664,1920,28,,,,,1924,28,,,,
2665,1920,27,,,,,1923,27,,,,
2666,1923,1,1921,30,,,1924,30,,,,
2667,1920,27,,,,,1924,27,,,,
2668,1921,27,,,,,1924,2,1925,25,,
2669,1922,26,,,,,1926,26,,,,
2670,1923,26,,,,,1926,26,,,,
2671,1923,31,,,,,1926,31,,,,
2672,1926,3,1924,30,,,1928,30,,,,
2673,1926,28,,,,,1929,23,,,,
2674,1925,21,,,,,1928,21,,,,
2675,1925,28,,,,,1928,28,,,,
2676,1925,1,1924,23,,,1928,24,,,,
2677,1926,4,1924,28,,,1928,28,,,,
2678,1927,1,1926,5,1925,27,1929,27,,,,
2679,1925,31,,,,,1927,2,1928,1,1929,30
2680,1926,21,,,,,1929,21,,,,
2681,1925,31,,,,,1926,4,1928,31,,
2682,1925,29,,,,,1928,28,,,,
2683,1924,21,,,,,1927,21,,,,
2684,1925,1,1923,31,,,1926,29,,,,
2685,1924,25,,,,,1926,2,1927,26,,
2686,1926,26,,,,,1929,26,,,,
2687,1926,21,,,,,1930,21,,,,
2688,1926,22,,,,,1929,22,,,,
2689,1926,28,,,,,1930,28,,,,
2690,1926,23,,,,,1929,23,,,,
2691,1925,25,,,,,1928,24,,,,
2692,1923,31,,,,,1925,6,1926,31,,
2693,1923,24,,,,,1926,24,,,,
2694,1922,20,,,,,1925,1,1926,20,,
2695,1924,32,,,,,1926,3,1927,32,,
2696,1923,23,,,,,1927,23,,,,
2697,1926,1,1924,27,,,1927,27,,,,
2698,1923,27,,,,,1926,27,,,,
2699,1921,26,,,,,1925,26,,,,
2700,1921,22,,,,,1923,3,1924,22,,
2701,1922,7,1921,31,,,1924,2,1925,29,,
2702,1921,26,,,,,1924,21,,,,
2703,1922,7,1921,25,,,1925,25,,,,
2704,1922,26,,,,,1925,26,,,,
2705,1920,22,,,,,1922,5,1923,1,1924,21
2706,1920,25,,,,,1923,25,,,,
2707,1921,1,1919,27,,,1922,27,,,,
2708,1918,31,,,,,1920,7,1921,31,,
2709,1918,29,,,,,1921,29,,,,
2710,1918,7,1917,24,,,1921,25,,,,
2711,1919,32,,,,,1922,2,1923,30,,
2712,1918,27,,,,,1920,4,1921,27,,
2713,1918,21,,,,,1922,21,,,,
2714,1919,24,,,,,1922,24,,,,
2715,1919,21,,,,,1922,21,,,,
2716,1919,5,1918,25,,,1922,25,,,,
2717,1920,21,,,,,1923,21,,,,
2718,1920,34,,,,,1923,29,,,,
2719,1920,25,,,,,1921,5,1924,25,,
2720,1920,26,,,,,1923,26,,,,
2721,1920,34,,,,,1923,29,,,,
2722,1920,32,,,,,1922,3,1924,32,,
2723,1919,27,,,,,1923,28,,,,
2724,1919,25,,,,,1923,25,,,,
2725,1917,22,,,,,1919,5,1921,22,,
2726,1917,25,,,,,1919,2,1920,25,,
2727,1917,26,,,,,1921,26,,,,
2728,1917,27,,,,,1920,1,1921,26,,
2729,1917,7,1916,31,,,1919,1,1920,30,,
2730,1915,30,,,,,1918,30,,,,
2731,1915,27,,,,,1918,27,,,,
2732,1914,21,,,,,1916,1,1917,21,,
2733,1918,2,1917,23,,,1921,23,,,,
2734,1917,27,,,,,1920,27,,,,
2735,1918,30,,,,,1920,8,1921,30,,
2736,1917,30,,,,,1920,22,,,,
2737,1917,22,,,,,1920,1,1921,21,,
2738,1920,25,,,,,1923,25,,,,
2739,1922,5,1921,21,,,1925,21,,,,
2740,1921,26,,,,,1923,7,1925,26,,
2741,1922,29,,,,,1924,2,1925,29,,
2742,1923,7,1922,24,,,1926,24,,,,
2743,1922,31,,,,,1925,25,,,,
2744,1925,1,1923,26,,,1926,26,,,,
2745,1923,29,,,,,1926,29,,,,
2746,1923,23,,,,,1926,23,,,,
2747,1924,23,,,,,1926,1,1927,23,,
2748,1924,25,,,,,1927,25,,,,
2749,1925,2,1924,29,,,1928,31,,,,
2750,1924,30,,,,,1927,30,,,,
2751,1924,23,,,,,1926,7,1927,23,,
2752,1924,20,,,,,1928,20,,,,
2753,1924,22,,,,,1926,2,1927,1,1928,21
2754,1926,5,1925,21,,,1928,21,,,,
2755,1925,31,,,,,1929,31,,,,
2756,1927,31,,,,,1930,31,,,,
2757,1926,30,,,,,1929,30,,,,
2758,1926,23,,,,,1929,23,,,,
2759,1928,1,1926,22,,,1929,22,,,,
2760,1926,22,,,,,1928,5,1929,22,,
2761,1928,26,,,,,1931,26,,,,
2762,1926,6,1925,31,,,1929,31,,,,
2763,1928,2,1926,28,,,1929,28,,,,
2764,1926,23,,,,,1929,23,,,,
2765,1927,2,1926,22,,,1930,24,,,,
2766,1927,31,,,,,1930,31,,,,
2767,1927,4,1926,28,,,1929,28,,,,
2768,1925,24,,,,,1928,24,,,,
2769,1924,31,,,,,1928,31,,,,
2770,1924,29,,,,,1927,29,,,,
2771,1922,31,,,,,1924,5,1925,31,,
2772,1922,2,1921,23,,,1923,4,1925,25,,
2773,1921,30,,,,,1924,30,,,,
2774,1922,30,,,,,1925,30,,,,
2775,1923,1,1922,2,1921,28,1925,28,,,,
2776,1923,30,,,,,1926,25,,,,
2777,1923,24,,,,,1926,24,,,,
2778,1923,28,,,,,1926,28,,,,
2779,1922,27,,,,,1924,2,1926,27,,
2780,1923,33,,,,,1924,2,1926,25,,
2781,1923,37,,,,,1926,32,,,,
2782,1923,22,,,,,1926,22,,,,
2783,1922,22,,,,,1925,22,,,,
2784,1923,2,1922,28,,,1924,1,1926,28,,
2785,1923,22,,,,,1925,7,1926,22,,
2786,1922,30,,,,,1924,1,1925,30,,
2787,1924,3,1922,31,,,1925,2,1926,29,,
2788,1922,29,,,,,1925,29,,,,
2789,1923,2,1922,21,,,1925,21,,,,
2790,1921,30,,,,,1923,1,1924,30,,
2791,1922,25,,,,,1926,25,,,,
2792,1923,33,,,,,1926,26,,,,
2793,1922,26,,,,,1925,27,,,,
2794,1922,24,,,,,1924,6,1926,24,,
2795,1922,29,,,,,1926,29,,,,
2796,1921,21,,,,,1922,1,1925,21,,
2797,1921,27,,,,,1924,27,,,,
2798,1921,30,,,,,1924,22,,,,
2799,1921,1,1920,20,,,1924,21,,,,
2800,1921,25,,,,,1924,25,,,,
2801,1920,24,,,,,1923,24,,,,
2802,1921,1,1919,20,,,1923,20,,,,
2803,1919,22,,,,,1922,2,1923,20,,
2804,1919,26,,,,,1922,26,,,,
2805,1920,25,,,,,1923,26,,,,
2806,1919,26,,,,,1923,26,,,,
2807,1922,1,1920,28,,,1923,28,,,,
2808,1920,29,,,,,1923,29,,,,
2809,1921,5,1920,8,1919,30,1923,30,,,,
2810,1919,30,,,,,1923,30,,,,
2811,1920,1,1918,29,,,1921,2,1922,27,,
2812,1919,24,,,,,1922,24,,,,
2813,1921,1,1919,24,,,1922,24,,,,
2814,1921,31,,,,,1924,26,,,,
2815,1920,25,,,,,1923,1,1924,24,,
2816,1921,26,,,,,1924,21,,,,
2817,1920,29,,,,,1924,29,,,,
2818,1922,1,1921,21,,,1925,22,,,,
2819,1922,26,,,,,1925,26,,,,
2820,1922,21,,,,,1926,21,,,,
2821,1922,25,,,,,1925,26,,,,
2822,1923,23,,,,,1926,22,,,,
2823,1922,2,1921,29,,,1925,31,,,,
2824,1923,23,,,,,1925,1,1926,23,,
2825,1923,24,,,,,1926,24,,,,
2826,1922,30,,,,,1925,27,,,,
2827,1923,3,1921,22,,,1925,22,,,,
2828,1922,30,,,,,1926,30,,,,
2829,1925,1,1923,27,,,1927,27,,,,
2830,1923,27,,,,,1926,27,,,,
2831,1923,27,,,,,1926,27,,,,
2832,1923,26,,,,,1926,23,,,,
2833,1922,22,,,,,1925,22,,,,
2834,1921,24,,,,,1922,1,1925,24,,
2835,1921,32,,,,,1922,5,1924,28,,
2836,1920,4,1919,28,,,1922,2,1923,26,,
2837,1920,30,,,,,1921,5,1923,30,,
2838,1920,1,1919,22,,,1922,1,1923,21,,
2839,1921,30,,,,,1924,28,,,,
2840,1921,24,,,,,1924,24,,,,
2841,1920,23,,,,,1924,23,,,,
2842,1921,27,,,,,1924,27,,,,
2843,1921,28,,,,,1924,20,,,,
2844,1922,2,1921,29,,,1925,31,,,,
2845,1922,24,,,,,1923,5,1925,24,,
2846,1922,23,,,,,1925,23,,,,
2847,1921,32,,,,,1924,32,,,,
2848,1920,29,,,,,1923,30,,,,
2849,1922,1,1920,26,,,1923,26,,,,
2850,1921,6,1920,31,,,1924,31,,,,
2851,1921,30,,,,,1925,30,,,,
2852,1921,26,,,,,1924,22,,,,
2853,1921,1,1920,23,,,1924,24,,,,
2854,1920,24,,,,,1923,24,,,,
2855,1922,1,1921,28,,,1924,28,,,,
2856,1922,5,1921,2,1920,24,1924,26,,,,
2857,1921,27,,,,,1923,3,1924,28,,
2858,1922,29,,,,,1925,29,,,,
2859,1923,22,,,,,1926,22,,,,
2860,1923,21,,,,,1924,2,1927,23,,
2861,1924,29,,,,,1927,27,,,,
2862,1921,23,,,,,1924,23,,,,
2863,1924,28,,,,,1927,28,,,,
2864,1924,22,,,,,1927,22,,,,
2865,1924,24,,,,,1926,6,1927,24,,
2866,1924,5,1923,29,,,1927,30,,,,
2867,1924,30,,,,,1928,30,,,,
2868,1925,24,,,,,1928,24,,,,
2869,1925,22,,,,,1927,5,1928,22,,
2870,1927,1,1924,25,,,1928,25,,,,
2871,1925,26,,,,,1928,26,,,,
2872,1925,28,,,,,1928,28,,,,
2873,1924,27,,,,,1927,28,,,,
2874,1923,23,,,,,1925,3,1926,23,,
2875,1927,1,1924,22,,,1928,22,,,,
2876,1925,3,1924,22,,,1928,24,,,,
2877,1924,26,,,,,1926,2,1927,26,,
2878,1923,28,,,,,1925,1,1926,28,,
2879,1923,31,,,,,1926,31,,,,
2880,1924,29,,,,,1928,29,,,,
2881,1924,2,1923,27,,,1927,29,,,,
2882,1923,31,,,,,1926,31,,,,
2883,1918,30,,,,,1921,1,1922,29,,
2884,1917,22,,,,,1920,22,,,,
2885,1917,25,,,,,1920,25,,,,
2886,1917,24,,,,,1921,24,,,,
2887,1918,5,1917,27,,,1921,28,,,,
2888,1919,25,,,,,1922,25,,,,
2889,1919,31,,,,,1922,31,,,,
2890,1920,6,1919,25,,,1923,25,,,,
2891,1922,1,1920,29,,,1924,29,,,,
2892,1921,27,,,,,1924,23,,,,
2893,1921,2,1919,29,,,1922,29,,,,
2894,1920,2,1919,25,,,1921,8,1923,27,,
2895,1920,21,,,,,1923,1,1924,20,,
2896,1920,28,,,,,1924,28,,,,
2897,1921,2,1920,22,,,1922,5,1924,24,,
2898,1921,27,,,,,1924,27,,,,
2899,1921,22,,,,,1923,2,1924,22,,
2900,1921,26,,,,,1924,26,,,,
2901,1921,25,,,,,1924,25,,,,
2902,1921,32,,,,,1923,2,1924,32,,
2903,1922,26,,,,,1925,26,,,,
2904,1921,30,,,,,1924,2,1925,28,,
2905,1921,27,,,,,1924,27,,,,
2906,1922,20,,,,,1924,1,1925,20,,
2907,1922,22,,,,,1925,2,1926,20,,
2908,1922,27,,,,,1923,4,1925,27,,
2909,1922,25,,,,,1925,25,,,,
2910,1923,25,,,,,1925,7,1926,25,,
2911,1924,29,,,,,1926,6,1927,29,,
2912,1924,28,,,,,1926,7,1927,28,,
2913,1923,1,1922,22,,,1926,23,,,,
2914,1922,27,,,,,1925,28,,,,
2915,1923,30,,,,,1926,30,,,,
2916,1924,2,1923,27,,,1927,29,,,,
2917,1924,31,,,,,1927,31,,,,
2918,1925,31,,,,,1928,31,,,,
2919,1924,29,,,,,1927,30,,,,
2920,1924,26,,,,,1927,26,,,,
2921,1925,30,,,,,1927,5,1928,30,,
2922,1926,3,1925,2,1924,29,1928,31,,,,
2923,1925,28,,,,,1928,28,,,,
2924,1926,26,,,,,1929,22,,,,
2925,1926,26,,,,,1928,4,1929,26,,
2926,1926,1,1925,25,,,1929,26,,,,
2927,1925,28,,,,,1928,28,,,,
2928,1928,1,1926,24,,,1929,24,,,,
2929,1927,31,,,,,1929,8,1930,31,,
2930,1929,4,1928,6,1927,22,1930,22,,,,
2931,1929,1,1927,3,1926,29,1930,31,,,,
2932,1926,27,,,,,1928,3,1929,27,,
2933,1928,3,1927,1,1926,31,1929,2,1930,29,,
2934,1926,1,1925,26,,,1929,27,,,,
2935,1927,23,,,,,1928,4,1930,28,,
2936,1927,26,,,,,1930,2,1931,24,,
2937,1928,27,,,,,1931,27,,,,
2938,1929,27,,,,,1932,28,,,,
2939,1930,1,1928,25,,,1931,25,,,,
2940,1928,27,,,,,1932,27,,,,
2941,1928,22,,,,,1931,22,,,,
2942,1929,29,,,,,1930,2,1932,29,,
2943,1932,31,,,,,1935,31,,,,
2944,1934,1,1931,29,,,1935,29,,,,
2945,1931,25,,,,,1934,25,,,,
2946,1933,1,1931,22,,,1934,22,,,,
2947,1932,29,,,,,1934,1,1935,29,,
2948,1934,20,,,,,1937,20,,,,
2949,1934,25,,,,,1937,25,,,,
2950,1934,15,,,,,1937,25,,,,
2951,1933,25,,,,,1937,25,,,,
2952,1933,24,,,,,1936,24,,,,
2953,1934,39,,,,,1937,32,,,,
2954,1934,26,,,,,1938,26,,,,
2955,1935,24,,,,,1938,24,,,,
2956,1935,23,,,,,1938,20,,,,
2957,1934,30,,,,,1937,30,,,,
2958,1937,1,1935,31,,,1938,31,,,,
2959,1936,1,1934,23,,,1937,23,,,,
2960,1935,5,1933,27,,,1936,27,,,,
2961,1935,28,,,,,1937,6,1938,28,,
2962,1935,2,1934,25,,,1936,8,1938,27,,
2963,1933,25,,,,,1936,25,,,,
2964,1935,35,,,,,1938,27,,,,
2965,1933,27,,,,,1936,27,,,,
2966,1932,23,,,,,1935,23,,,,
2967,1931,23,,,,,1935,23,,,,
2968,1931,23,,,,,1934,23,,,,
2969,1931,27,,,,,1934,27,,,,
2970,1930,21,,,,,1933,21,,,,
2971,1931,26,,,,,1934,26,,,,
2972,1932,26,,,,,1935,26,,,,
2973,1931,25,,,,,1935,25,,,,
2974,1932,23,,,,,1935,23,,,,
2975,1932,32,,,,,1935,24,,,,
2976,1932,20,,,,,1935,20,,,,
2977,1931,22,,,,,1933,7,1934,22,,
2978,1931,24,,,,,1935,24,,,,
2979,1930,1,1929,25,,,1931,5,1933,26,,
2980,1928,27,,,,,1931,27,,,,
2981,1929,22,,,,,1932,21,,,,
2982,1929,32,,,,,1931,8,1933,32,,
2983,1929,32,,,,,1931,1,1932,32,,
2984,1929,27,,,,,1932,27,,,,
2985,1929,22,,,,,1932,22,,,,
2986,1929,20,,,,,1932,20,,,,
2987,1929,22,,,,,1932,22,,,,
2988,1928,25,,,,,1930,1,1932,25,,
2989,1928,26,,,,,1930,5,1931,26,,
2990,1926,21,,,,,1930,21,,,,
2991,1927,33,,,,,1930,25,,,,
2992,1926,28,,,,,1929,28,,,,
2993,1926,21,,,,,1929,21,,,,
2994,1926,26,,,,,1928,4,1929,27,,
2995,1926,29,,,,,1927,5,1928,4,1929,29
2996,1924,30,,,,,1926,1,1927,31,,
2997,1925,25,,,,,1928,27,,,,
2998,1925,31,,,,,1928,2,1929,29,,
2999,1925,24,,,,,1927,7,1928,24,,
3000,1925,25,,,,,1928,25,,,,
3001,1924,22,,,,,1928,22,,,,
3002,1924,26,,,,,1928,26,,,,
3003,1925,21,,,,,1928,21,,,,
3004,1926,22,,,,,1929,23,,,,
3005,1927,25,,,,,1928,4,1931,25,,
3006,1928,22,,,,,1931,22,,,,
3007,1926,22,,,,,1928,4,1930,22,,
3008,1928,22,,,,,1929,1,1932,22,,
3009,1930,3,1929,21,,,1932,21,,,,
3010,1929,32,,,,,1931,4,1932,32,,
3011,1930,30,,,,,1933,30,,,,
3012,1931,8,1929,23,,,1933,23,,,,
3013,1931,5,1930,29,,,1934,29,,,,
3014,1931,23,,,,,1934,23,,,,
3015,1931,25,,,,,1934,25,,,,
3016,1930,24,,,,,1934,24,,,,
3017,1931,29,,,,,1933,3,1935,29,,
3018,1932,27,,,,,1935,27,,,,
3019,1931,20,,,,,1933,3,1934,20,,
3020,1933,31,,,,,1936,31,,,,
3021,1934,24,,,,,1937,24,,,,
3022,1934,25,,,,,1937,25,,,,
3023,1933,31,,,,,1936,31,,,,
3024,1933,28,,,,,1936,23,,,,
3025,1933,20,,,,,1936,20,,,,
3026,1933,27,,,,,1936,27,,,,
3027,1934,24,,,,,1937,24,,,,
3028,1933,24,,,,,1936,24,,,,
3029,1935,2,1934,22,,,1936,8,1938,24,,
3030,1935,5,1934,26,,,1937,1,1938,25,,
3031,1935,21,,,,,1938,21,,,,
3032,1934,26,,,,,1938,26,,,,
3033,1934,23,,,,,1936,8,1937,23,,
3034,1934,24,,,,,1937,24,,,,
3035,1937,5,1936,2,1935,24,1939,26,,,,
3036,1937,6,1936,23,,,1940,23,,,,
3037,1934,22,,,,,1937,1,1938,21,,
3038,1933,24,,,,,1936,24,,,,
3039,1931,32,,,,,1934,32,,,,
3040,1934,24,,,,,1937,24,,,,
3041,1935,1,1933,30,,,1936,30,,,,
3042,1934,32,,,,,1937,32,,,,
3043,1933,33,,,,,1936,27,,,,
3044,1935,1,1933,31,,,1936,31,,,,
3045,1932,25,,,,,1935,25,,,,
3046,1933,22,,,,,1934,1,1935,1,1936,22
3047,1935,1,1933,29,,,1936,29,,,,
3048,1933,23,,,,,1937,23,,,,
3049,1933,30,,,,,1936,27,,,,
3050,1933,20,,,,,1937,21,,,,
3051,1933,36,,,,,1936,31,,,,
3052,1932,28,,,,,1935,2,1936,26,,
3053,1931,21,,,,,1933,1,1935,21,,
3054,1932,25,,,,,1935,25,,,,
3055,1931,30,,,,,1932,5,1933,1,1934,30
3056,1931,24,,,,,1934,24,,,,
3057,1930,32,,,,,1931,5,1934,32,,
3058,1931,21,,,,,1935,21,,,,
3059,1932,1,1931,26,,,1933,7,1935,27,,
3060,1933,8,1932,22,,,1935,22,,,,
3061,1932,26,,,,,1936,26,,,,
3062,1932,22,,,,,1935,22,,,,
3063,1931,24,,,,,1934,24,,,,
3064,1927,32,,,,,1930,2,1931,30,,
3065,1928,25,,,,,1931,25,,,,
3066,1928,28,,,,,1930,2,1931,28,,
3067,1928,30,,,,,1932,30,,,,
3068,1928,1,1927,24,,,1929,2,1931,25,,
3069,1928,21,,,,,1931,21,,,,
3070,1929,1,1928,27,,,1932,28,,,,
3071,1927,31,,,,,1928,1,1931,31,,
3072,1927,22,,,,,1931,22,,,,
3073,1927,25,,,,,1928,6,1930,25,,
3074,1928,1,1926,25,,,1929,25,,,,
3075,1927,1,1925,23,,,1929,23,,,,
3076,1925,5,1924,22,,,1927,22,,,,
3077,1924,23,,,,,1927,24,,,,
3078,1922,24,,,,,1925,24,,,,
3079,1923,24,,,,,1927,24,,,,
3080,1923,25,,,,,1926,25,,,,
3081,1923,27,,,,,1926,27,,,,
3082,1924,23,,,,,1927,23,,,,
3083,1923,26,,,,,1927,26,,,,
3084,1922,8,1921,21,,,1923,5,1925,21,,
3085,1923,1,1921,20,,,1924,20,,,,
3086,1922,19,,,,,1925,20,,,,
3087,1921,27,,,,,1924,1,1925,26,,
3088,1921,23,,,,,1924,1,1925,22,,
3089,1921,21,,,,,1924,21,,,,
3090,1920,29,,,,,1922,2,1923,30,,
3091,1917,32,,,,,1920,32,,,,
3092,1917,6,1916,22,,,1919,22,,,,
3093,1917,20,,,,,1919,8,1920,20,,
3094,1918,1,1916,22,,,1920,22,,,,
3095,1917,24,,,,,1920,24,,,,
3096,1919,1,1917,27,,,1920,26,,,,
3097,1916,32,,,,,1919,2,1920,30,,
3098,1916,25,,,,,1919,25,,,,
3099,1915,28,,,,,1918,28,,,,
3100,1916,2,1915,23,,,1919,25,,,,
3101,1916,2,1915,24,,,1917,2,1919,26,,
3102,1916,5,1915,28,,,1919,28,,,,
3103,1916,19,,,,,1917,4,1918,7,1919,20
3104,1916,25,,,,,1919,25,,,,
3105,1916,30,,,,,1919,30,,,,
3106,1915,23,,,,,1917,7,1919,23,,
3107,1916,3,1915,25,,,1918,25,,,,
3108,1918,1,1916,8,1915,25,1919,25,,,,
3109,1916,23,,,,,1919,24,,,,
3110,1916,30,,,,,1919,30,,,,
3111,1918,1,1916,32,,,1919,32,,,,
3112,1914,7,1913,22,,,1917,23,,,,
3113,1914,23,,,,,1917,27,,,,
3114,1913,22,,,,,1915,3,1916,22,,
3115,1912,24,,,,,1916,24,,,,
3116,1911,23,,,,,1912,6,1914,23,,
3117,1913,21,,,,,1916,22,,,,
3118,1913,24,,,,,1916,24,,,,
3119,1912,30,,,,,1915,30,,,,
3120,1912,28,,,,,1915,28,,,,
3121,1912,30,,,,,1913,1,1914,4,1916,30
3122,1912,28,,,,,1915,28,,,,
3123,1911,26,,,,,1915,26,,,,
3124,1911,27,,,,,1914,27,,,,
3125,1911,24,,,,,1913,5,1915,25,,
3126,1909,20,,,,,1912,20,,,,
3127,1909,28,,,,,1912,24,,,,
3128,1908,23,,,,,1911,23,,,,
3129,1910,31,,,,,1913,31,,,,
3130,1910,23,,,,,1913,23,,,,
3131,1909,30,,,,,1913,30,,,,
3132,1910,21,,,,,1912,6,1913,21,,
3133,1910,21,,,,,1912,8,1914,21,,
3134,1909,28,,,,,1913,28,,,,
3135,1909,29,,,,,1912,29,,,,
3136,1909,31,,,,,1912,1,1913,30,,
3137,1908,29,,,,,1911,22,,,,
3138,1908,26,,,,,1910,7,1911,26,,
3139,1909,26,,,,,1912,26,,,,
3140,1909,23,,,,,1911,3,1912,23,,
3141,1908,27,,,,,1910,2,1911,2,1912,25
3142,1909,27,,,,,1912,27,,,,
3143,1911,1,1910,5,1909,30,1913,30,,,,
3144,1909,22,,,,,1912,22,,,,
3145,1909,18,,,,,1911,2,1912,22,,
3146,1912,2,1911,22,,,1915,24,,,,
3147,1916,4,1914,31,,,1918,31,,,,
3148,1916,4,1915,25,,,1919,25,,,,
3149,1916,22,,,,,1920,22,,,,
3150,1917,28,,,,,1920,28,,,,
3151,1918,31,,,,,1921,32,,,,
3152,1919,6,1918,23,,,1921,23,,,,
3153,1918,2,1917,29,,,1919,3,1921,31,,
3154,1917,1,1916,27,,,1920,28,,,,
3155,1915,37,,,,,1918,29,,,,
3156,1914,20,,,,,1916,5,1917,20,,
3157,1917,1,1915,26,,,1918,23,,,,
3158,1915,28,,,,,1918,28,,,,
3159,1916,23,,,,,1919,23,,,,
3160,1918,1,1917,7,1916,29,1919,1,1920,28,,
3161,1920,1,1919,21,,,1923,22,,,,
3162,1920,27,,,,,1923,27,,,,
3163,1919,19,,,,,1922,20,,,,
3164,1922,9,1920,28,,,1923,22,,,,
3165,1921,26,,,,,1924,27,,,,
3166,1920,29,,,,,1923,2,1924,27,,
3167,1922,1,1921,25,,,1925,26,,,,
3168,1921,31,,,,,1924,30,,,,
3169,1922,32,,,,,1925,27,,,,
3170,1922,4,1921,23,,,1924,23,,,,
3171,1921,29,,,,,1923,2,1924,30,,
3172,1921,23,,,,,1922,1,1925,23,,
3173,1921,30,,,,,1925,30,,,,
3174,1923,28,,,,,1924,5,1926,29,,
3175,1924,23,,,,,1926,7,1927,23,,
3176,1924,29,,,,,1927,29,,,,
3177,1923,25,,,,,1925,2,1927,25,,
3178,1923,30,,,,,1926,30,,,,
3179,1925,1,1923,22,,,1926,22,,,,
3180,1922,22,,,,,1925,22,,,,
3181,1922,29,,,,,1924,1,1926,29,,
3182,1923,25,,,,,1926,25,,,,
3183,1923,23,,,,,1925,7,1926,23,,
3184,1923,25,,,,,1926,25,,,,
3185,1922,26,,,,,1924,5,1925,26,,
3186,1923,31,,,,,1926,31,,,,
3187,1923,29,,,,,1925,4,1926,29,,
3188,1923,30,,,,,1926,29,,,,
3189,1922,30,,,,,1926,30,,,,
3190,1924,1,1922,23,,,1926,23,,,,
3191,1920,30,,,,,1924,30,,,,
3192,1921,30,,,,,1924,30,,,,
3193,1923,1,1922,31,,,1926,31,,,,
3194,1922,28,,,,,1925,28,,,,
3195,1922,22,,,,,1926,22,,,,
3196,1923,28,,,,,1924,6,1925,6,1927,28
3197,1923,32,,,,,1926,32,,,,
3198,1921,22,,,,,1923,7,1924,26,,
3199,1922,25,,,,,1924,6,1925,25,,
3200,1922,4,1921,21,,,1924,21,,,,
3201,1923,30,,,,,1926,30,,,,
3202,1922,20,,,,,1925,20,,,,
