timestamp,bid_price_1,bid_volume_1,bid_price_2,bid_volume_2,bid_price_3,bid_volume_3,ask_price_1,ask_volume_1,ask_price_2,ask_volume_2,ask_price_3,ask_volume_3
0,58705,12,58704,27,,,58716,12,58717,27,,
1,58706,1,58705,12,58704,20,58715,1,58716,12,58717,20
2,58707,1,58706,15,58705,26,58716,1,58717,15,58718,26
3,58705,14,58704,16,,,58716,14,58717,16,,
4,58699,2,58698,16,58697,15,58708,2,58709,16,58710,15
5,58697,17,58696,20,,,58707,1,58708,36,,
6,58695,2,58694,17,58693,18,58704,2,58705,17,58706,18
7,58688,1,58687,11,58686,30,58697,1,58698,11,58699,30
8,58686,1,58685,19,58684,22,58695,1,58696,19,58697,22
9,58688,1,58687,32,,,58698,13,58699,20,,
10,58693,1,58692,19,58691,26,58702,1,58703,19,58704,26
11,58687,1,58686,14,58685,23,58696,1,58697,14,58698,23
12,58681,1,58680,17,58679,16,58690,1,58691,17,58692,16
13,58683,12,58682,29,,,58694,12,58695,29,,
14,58691,15,58690,29,,,58702,15,58703,29,,
15,58690,1,58689,18,58688,30,58699,1,58700,18,58701,30
16,58688,2,58687,15,58686,17,58697,2,58698,15,58699,17
17,58688,11,58687,22,,,58699,11,58700,22,,
18,58685,10,58684,30,,,58696,40,,,,
19,58687,2,58686,18,58685,29,58696,2,58697,18,58698,29
20,58687,2,58686,20,58685,25,58696,2,58697,20,58698,25
21,58687,2,58686,17,58685,21,58696,2,58697,17,58698,21
22,58680,1,58679,14,58678,26,58689,1,58690,14,58691,26
23,58677,44,,,,,58678,1,58687,2,58688,20
24,58674,2,58673,10,58672,17,58683,2,58684,10,58685,17
25,58671,2,58670,16,58669,21,58680,2,58681,16,58682,21
26,58675,1,58674,16,58673,16,58684,1,58685,16,58686,16
27,58672,2,58671,14,58670,19,58681,2,58682,14,58683,19
28,58671,17,58670,23,,,58682,17,58683,23,,
29,58671,2,58670,14,58669,25,58680,2,58681,14,58682,25
30,58679,14,58678,16,,,58689,1,58690,29,,
31,58679,5,58675,1,58674,20,58684,1,58685,20,58686,16
32,58682,5,58677,19,58676,29,58688,48,,,,
33,58671,1,58670,10,58669,16,58680,1,58681,10,58682,16
34,58674,2,58673,10,58672,19,58683,2,58684,10,58685,19
35,58679,18,58678,28,,,58690,18,58691,28,,
36,58676,11,58675,29,,,58687,11,58688,29,,
37,58674,17,58673,26,,,58685,17,58686,26,,
38,58684,5,58679,17,58678,27,58690,17,58691,27,,
39,58675,2,58674,10,58673,27,58684,2,58685,10,58686,27
40,58681,1,58680,16,58679,16,58690,1,58691,16,58692,16
41,58677,2,58676,20,58675,26,58686,2,58687,20,58688,26
42,58674,1,58673,13,58672,26,58683,1,58684,13,58685,26
43,58673,34,,,,,58684,18,58685,16,,
44,58678,36,,,,,58689,20,58690,16,,
45,58675,20,58674,29,,,58686,20,58687,29,,
46,58671,12,58670,23,,,58682,12,58683,23,,
47,58669,18,58668,18,,,58680,18,58681,18,,
48,58665,1,58664,13,58663,27,58674,1,58675,13,58676,27
49,58666,2,58665,10,58664,27,58675,2,58676,10,58677,27
50,58664,1,58660,1,58659,32,58670,18,58671,15,,
51,58658,17,58657,29,,,58669,17,58670,29,,
52,58655,2,58654,16,58653,25,58664,2,58665,16,58666,25
53,58649,40,,,,,58660,12,58661,28,,
54,58651,12,58650,25,,,58662,12,58663,25,,
55,58652,1,58651,39,,,58656,8,58662,19,58663,21
56,58649,2,58648,10,58647,16,58658,2,58659,10,58660,16
57,58650,1,58649,19,58648,29,58659,1,58660,48,,
58,58650,2,58649,16,58648,30,58654,3,58659,2,58660,16
59,58648,2,58647,34,,,58658,19,58659,17,,
60,58653,7,58648,18,58647,23,58659,18,58660,23,,
61,58648,20,58647,19,,,58658,1,58659,38,,
62,58652,1,58651,11,58650,23,58661,1,58662,11,58663,23
63,58652,15,58651,22,,,58663,15,58664,22,,
64,58653,1,58652,17,58651,24,58662,1,58663,17,58664,24
65,58655,12,58654,15,,,58666,12,58667,15,,
66,58650,2,58649,15,58648,23,58659,2,58660,15,58661,23
67,58648,12,58647,17,,,58658,1,58659,28,,
68,58654,2,58653,13,58652,26,58663,2,58664,13,58665,26
69,58659,2,58658,19,58657,20,58668,2,58669,19,58670,20
70,58658,1,58657,11,58656,27,58667,1,58668,11,58669,27
71,58656,1,58655,40,,,58666,15,58667,26,,
72,58657,1,58656,12,58655,15,58666,1,58667,12,58668,15
73,58655,1,58654,20,58653,22,58664,1,58665,42,,
74,58655,15,58654,15,,,58666,15,58667,15,,
75,58652,41,,,,,58663,19,58664,22,,
76,58648,13,58647,25,,,58659,13,58660,25,,
77,58653,1,58652,13,58651,20,58662,1,58663,13,58664,20
78,58646,11,58645,20,,,58657,11,58658,20,,
79,58650,6,58646,2,58645,11,58655,2,58656,11,58657,28
80,58641,2,58640,12,58639,18,58650,2,58651,12,58652,18
81,58641,17,58640,23,,,58652,17,58653,23,,
82,58643,2,58642,15,58641,15,58652,2,58653,15,58654,15
83,58640,19,58639,27,,,58651,19,58652,27,,
84,58645,20,58644,29,,,58656,20,58657,29,,
85,58645,2,58644,14,58643,27,58654,2,58655,14,58656,27
86,58653,2,58652,18,58651,20,58662,2,58663,18,58664,20
87,58651,7,58647,2,58646,18,58656,2,58657,18,58658,26
88,58646,1,58645,11,58644,24,58655,1,58656,11,58657,24
89,58648,11,58647,15,,,58659,26,,,,
90,58647,32,,,,,58658,12,58659,20,,
91,58642,10,58641,16,,,58653,10,58654,16,,
92,58646,2,58645,10,58644,20,58655,2,58656,30,,
93,58647,1,58646,16,58645,24,58656,1,58657,16,58658,24
94,58644,2,58643,10,58642,19,58653,2,58654,10,58655,19
95,58647,2,58646,10,58645,22,58656,2,58657,10,58658,22
96,58648,1,58647,10,58646,22,58657,1,58658,10,58659,22
97,58653,1,58652,12,58651,27,58662,1,58663,12,58664,27
98,58646,2,58645,16,58644,29,58655,2,58656,16,58657,29
99,58642,13,58641,26,,,58653,13,58654,26,,
100,58642,18,58641,15,,,58653,18,58654,15,,
101,58644,1,58643,37,,,58648,6,58654,11,58655,27
102,58642,17,58641,26,,,58653,17,58654,26,,
103,58643,1,58642,13,58641,22,58652,1,58653,35,,
104,58644,11,58643,25,,,58655,11,58656,25,,
105,58645,17,58644,16,,,58650,5,58656,17,58657,16
106,58644,16,58643,17,,,58655,16,58656,17,,
107,58635,16,58634,16,,,58646,16,58647,16,,
108,58637,18,58636,20,,,58648,18,58649,20,,
109,58640,1,58639,15,58638,25,58649,1,58650,15,58651,25
110,58638,1,58637,11,58636,25,58647,1,58648,11,58649,25
111,58638,1,58637,38,,,58648,19,58649,20,,
112,58640,14,58639,17,,,58650,2,58651,29,,
113,58638,2,58637,10,58636,20,58647,2,58648,10,58649,20
114,58634,20,58633,22,,,58645,20,58646,22,,
115,58634,1,58633,18,58632,16,58643,1,58644,18,58645,16
116,58631,2,58630,48,,,58641,22,58642,28,,
117,58629,2,58628,13,58627,28,58638,2,58639,13,58640,28
118,58627,1,58626,18,58625,19,58636,1,58637,18,58638,19
119,58626,1,58625,14,58624,30,58635,1,58636,14,58637,30
120,58632,1,58631,14,58630,16,58641,1,58642,14,58643,16
121,58640,2,58639,29,,,58650,12,58651,19,,
122,58644,2,58643,20,58642,27,58653,2,58654,20,58655,27
123,58643,1,58642,14,58641,24,58652,1,58653,14,58654,24
124,58637,11,58636,22,,,58648,11,58649,22,,
125,58638,1,58637,10,58636,16,58647,1,58648,10,58649,16
126,58627,16,58626,29,,,58638,16,58639,29,,
127,58623,1,58622,18,58621,23,58632,1,58633,18,58634,23
128,58627,2,58626,11,58625,30,58636,2,58637,11,58638,30
129,58629,15,58628,27,,,58639,2,58640,40,,
130,58629,2,58628,12,58627,15,58638,2,58639,12,58640,15
131,58637,11,58636,29,,,58648,11,58649,29,,
132,58636,2,58635,14,58634,18,58645,2,58646,14,58647,18
133,58637,1,58636,13,58635,23,58646,1,58647,13,58648,23
134,58640,17,58639,18,,,58645,1,58651,17,58652,18
135,58636,1,58635,10,58634,20,58645,1,58646,10,58647,20
136,58638,2,58637,42,,,58648,20,58649,24,,
137,58640,18,58639,16,,,58645,5,58651,18,58652,16
138,58637,12,58636,23,,,58638,2,58648,12,58649,23
139,58637,1,58636,20,58635,23,58646,1,58647,20,58648,23
140,58638,1,58637,39,,,58648,17,58649,23,,
141,58641,19,58640,22,,,58651,2,58652,39,,
142,58638,19,58637,17,,,58649,19,58650,17,,
143,58649,1,58648,15,58647,17,58658,1,58659,15,58660,17
144,58650,2,58649,14,58648,29,58659,2,58660,14,58661,29
145,58650,12,58649,25,,,58660,12,58661,25,,
146,58649,1,58648,19,58647,28,58653,1,58658,1,58659,19
147,58649,1,58648,10,58647,19,58658,1,58659,10,58660,19
148,58646,1,58645,12,58644,15,58655,1,58656,12,58657,15
149,58641,1,58640,12,58639,22,58650,1,58651,12,58652,22
150,58646,2,58645,17,58644,29,58655,2,58656,46,,
151,58645,1,58644,20,58643,26,58654,1,58655,20,58656,26
152,58653,2,58652,10,58651,16,58662,2,58663,10,58664,16
153,58649,2,58648,14,58647,17,58658,2,58659,14,58660,17
154,58650,14,58649,26,,,58661,40,,,,
155,58649,18,58648,16,,,58660,18,58661,16,,
156,58657,18,58656,21,,,58667,18,58668,21,,
157,58653,2,58652,18,58651,20,58662,2,58663,18,58664,20
158,58652,12,58651,28,,,58662,2,58663,38,,
159,58651,1,58650,13,58649,18,58660,1,58661,13,58662,18
160,58646,2,58645,12,58644,25,58655,2,58656,12,58657,25
161,58656,5,58651,13,58650,23,58661,1,58662,35,,
162,58648,36,,,,,58659,17,58660,19,,
163,58651,1,58650,19,58649,18,58660,1,58661,19,58662,18
164,58649,2,58648,17,58647,30,58653,7,58658,2,58659,17
165,58646,33,,,,,58657,16,58658,17,,
166,58646,20,58645,25,,,58657,20,58658,25,,
167,58646,18,58645,15,,,58657,18,58658,15,,
168,58649,2,58648,30,,,58659,12,58660,20,,
169,58650,2,58649,18,58648,30,58659,2,58660,18,58661,30
170,58652,1,58651,11,58650,26,58661,1,58662,11,58663,26
171,58659,11,58658,19,,,58669,1,58670,29,,
172,58660,1,58659,11,58658,29,58669,1,58670,11,58671,29
173,58658,1,58657,10,58656,18,58667,1,58668,10,58669,18
174,58666,15,58665,19,,,58677,15,58678,19,,
175,58667,2,58666,16,58665,27,58676,2,58677,16,58678,27
176,58668,1,58667,10,58666,16,58677,1,58678,10,58679,16
177,58675,40,,,,,58686,11,58687,29,,
178,58679,2,58678,11,58677,25,58688,2,58689,11,58690,25
179,58679,17,58678,29,,,58690,17,58691,29,,
180,58673,20,58672,28,,,58684,20,58685,28,,
181,58686,19,58685,17,,,58696,2,58697,34,,
182,58684,2,58683,20,58682,27,58693,2,58694,20,58695,27
183,58679,14,58678,21,,,58690,14,58691,21,,
184,58674,1,58673,16,58672,16,58683,1,58684,16,58685,16
185,58677,2,58676,10,58675,17,58686,2,58687,10,58688,17
186,58676,1,58675,14,58674,27,58685,1,58686,14,58687,27
187,58676,20,58675,17,,,58687,20,58688,17,,
188,58679,19,58678,26,,,58690,19,58691,26,,
189,58678,41,,,,,58689,15,58690,26,,
190,58678,1,58677,19,58676,26,58687,1,58688,19,58689,26
191,58677,2,58676,20,58675,30,58686,2,58687,20,58688,30
192,58673,19,58672,30,,,58684,19,58685,30,,
193,58679,2,58678,10,58677,22,58688,2,58689,10,58690,22
194,58682,22,58681,18,,,58692,2,58693,38,,
195,58687,14,58686,19,,,58698,14,58699,19,,
196,58691,1,58690,16,58689,24,58700,1,58701,16,58702,24
197,58697,7,58693,2,58692,10,58702,2,58703,10,58704,15
198,58691,2,58690,14,58689,25,58700,2,58701,14,58702,25
199,58695,1,58694,43,,,58699,7,58705,15,58706,29
200,58698,11,58697,19,,,58709,11,58710,19,,
201,58705,1,58704,12,58703,18,58714,1,58715,12,58716,18
202,58707,8,58702,16,58701,18,58713,34,,,,
203,58704,17,58703,27,,,58715,44,,,,
204,58702,1,58701,18,58700,27,58711,1,58712,18,58713,27
205,58700,1,58699,18,58698,21,58709,1,58710,18,58711,21
206,58699,1,58698,16,58697,22,58708,1,58709,16,58710,22
207,58696,11,58695,27,,,58707,11,58708,27,,
208,58699,21,58698,17,,,58709,21,58710,17,,
209,58695,2,58694,17,58693,26,58704,2,58705,17,58706,26
210,58694,1,58693,17,58692,20,58703,1,58704,17,58705,20
211,58694,11,58693,21,,,58699,6,58705,11,58706,21
212,58682,12,58681,29,,,58693,41,,,,
213,58675,14,58674,21,,,58686,18,58687,21,,
214,58669,1,58668,14,58667,22,58678,1,58679,14,58680,22
215,58672,2,58671,19,58670,24,58681,2,58682,19,58683,24
216,58669,3,58665,2,58664,16,58674,2,58675,16,58676,25
217,58662,18,58661,27,,,58672,2,58673,43,,
218,58658,1,58657,17,58656,20,58667,1,58668,17,58669,20
219,58657,14,58656,18,,,58668,14,58669,18,,
220,58674,8,58670,2,58669,17,58679,2,58680,17,58681,28
221,58670,19,58669,28,,,58681,19,58682,28,,
222,58672,19,58671,29,,,58683,19,58684,29,,
223,58682,3,58678,2,58677,40,58688,22,58689,20,,
224,58677,3,58672,21,58671,21,58682,1,58683,41,,
225,58674,12,58673,18,,,58685,12,58686,18,,
226,58668,1,58667,12,58666,20,58677,1,58678,12,58679,20
227,58670,1,58669,10,58668,21,58679,1,58680,10,58681,21
228,58673,1,58672,17,58671,26,58682,1,58683,17,58684,26
229,58671,1,58670,10,58669,27,58680,1,58681,10,58682,27
230,58668,1,58667,17,58666,24,58677,1,58678,17,58679,24
231,58661,2,58660,38,,,58665,1,58670,2,58671,15
232,58673,1,58672,18,58671,15,58682,1,58683,18,58684,15
233,58675,2,58674,19,58673,20,58684,2,58685,19,58686,20
234,58674,15,58673,23,,,58684,1,58685,37,,
235,58675,17,58674,23,,,58685,17,58686,23,,
236,58673,2,58672,40,,,58683,15,58684,27,,
237,58673,1,58672,33,,,58683,11,58684,23,,
238,58673,13,58672,20,,,58684,13,58685,20,,
239,58677,12,58676,25,,,58688,12,58689,25,,
240,58675,18,58674,24,,,58686,18,58687,24,,
241,58683,3,58674,2,58673,17,58684,17,58685,23,,
242,58667,1,58666,16,58665,22,58676,1,58677,16,58678,22
243,58669,17,58668,20,,,58680,17,58681,20,,
244,58669,1,58668,13,58667,26,58678,1,58679,13,58680,26
245,58665,2,58664,18,58663,26,58674,2,58675,18,58676,26
246,58664,2,58663,15,58662,20,58673,2,58674,15,58675,20
247,58659,2,58658,13,58657,26,58663,8,58668,2,58669,13
248,58659,12,58658,18,,,58670,30,,,,
249,58665,14,58664,23,,,58676,14,58677,23,,
250,58668,1,58667,16,58666,15,58677,1,58678,16,58679,15
251,58660,1,58659,15,58658,28,58669,1,58670,15,58671,28
252,58667,2,58666,18,58665,20,58676,2,58677,18,58678,20
253,58668,1,58667,11,58666,16,58672,1,58677,1,58678,11
254,58674,2,58673,10,58672,30,58683,2,58684,40,,
255,58673,1,58672,19,58671,28,58682,1,58683,19,58684,28
256,58668,11,58667,22,,,58679,11,58680,22,,
257,58664,1,58663,12,58662,18,58673,1,58674,12,58675,18
258,58660,2,58659,20,58658,17,58669,2,58670,20,58671,17
259,58661,2,58660,11,58659,19,58670,2,58671,11,58672,19
260,58659,10,58658,27,,,58670,10,58671,27,,
261,58659,14,58658,27,,,58669,1,58670,40,,
262,58659,2,58658,13,58657,30,58668,2,58669,13,58670,30
263,58660,1,58659,36,,,58670,17,58671,20,,
264,58662,5,58657,34,,,58668,19,58669,15,,
265,58661,1,58660,16,58659,28,58670,1,58671,16,58672,28
266,58653,2,58652,15,58651,17,58662,2,58663,15,58664,17
267,58645,14,58644,16,,,58656,14,58657,16,,
268,58643,35,,,,,58654,15,58655,20,,
269,58650,15,58649,16,,,58661,15,58662,16,,
270,58649,1,58648,11,58647,19,58658,1,58659,11,58660,19
271,58644,2,58643,16,58642,28,58653,2,58654,16,58655,28
272,58643,2,58642,15,58641,29,58652,2,58653,15,58654,29
273,58647,13,58646,28,,,58658,13,58659,28,,
274,58650,1,58649,17,58648,23,58659,1,58660,17,58661,23
275,58650,15,58649,18,,,58661,15,58662,18,,
276,58656,20,58655,26,,,58666,20,58667,26,,
277,58649,20,58648,24,,,58659,2,58660,42,,
278,58656,2,58655,17,58654,29,58665,2,58666,17,58667,29
279,58652,14,58651,20,,,58663,14,58664,20,,
280,58655,14,58654,20,,,58666,14,58667,20,,
281,58654,1,58653,10,58652,29,58663,1,58664,10,58665,29
282,58655,15,58654,18,,,58666,15,58667,18,,
283,58650,2,58649,11,58648,22,58659,2,58660,11,58661,22
284,58644,13,58643,25,,,58655,13,58656,25,,
285,58645,2,58644,16,58643,16,58654,2,58655,16,58656,16
286,58639,14,58638,21,,,58649,2,58650,33,,
287,58635,2,58634,11,58633,29,58644,2,58645,11,58646,29
288,58632,10,58631,26,,,58643,10,58644,26,,
289,58632,1,58631,14,58630,30,58641,1,58642,14,58643,30
290,58635,2,58634,16,58633,16,58644,2,58645,16,58646,16
291,58633,15,58632,18,,,58644,15,58645,18,,
292,58639,1,58638,18,58637,19,58648,1,58649,18,58650,19
293,58641,1,58640,15,58639,25,58650,1,58651,15,58652,25
294,58638,2,58637,11,58636,21,58647,2,58648,11,58649,21
295,58642,19,58641,28,,,58653,19,58654,28,,
296,58641,14,58640,28,,,58651,1,58652,41,,
297,58642,1,58641,17,58640,19,58651,1,58652,17,58653,19
298,58647,38,,,,,58658,15,58659,23,,
299,58654,2,58653,10,58652,30,58663,2,58664,10,58665,30
300,58654,2,58653,19,58652,15,58658,2,58663,2,58664,19
301,58657,1,58656,16,58655,24,58666,1,58667,16,58668,24
302,58659,2,58658,46,,,58669,21,58670,27,,
303,58664,2,58663,44,,,58674,17,58675,29,,
304,58671,2,58666,18,58665,25,58677,18,58678,25,,
305,58664,2,58663,12,58662,17,58673,2,58674,12,58675,17
306,58668,2,58667,13,58666,15,58677,2,58678,13,58679,15
307,58670,2,58669,39,,,58680,19,58681,22,,
308,58671,2,58670,15,58669,21,58680,2,58681,15,58682,21
309,58673,17,58672,23,,,58684,17,58685,23,,
310,58684,2,58683,18,58682,27,58693,2,58694,18,58695,27
311,58685,15,58684,30,,,58690,4,58696,15,58697,30
312,58692,1,58691,40,,,58701,1,58702,18,58703,22
313,58689,2,58688,16,58687,22,58698,2,58699,16,58700,22
314,58685,36,,,,,58696,14,58697,22,,
315,58688,1,58687,45,,,58698,21,58699,25,,
316,58694,14,58693,19,,,58705,14,58706,19,,
317,58694,33,,,,,58705,15,58706,18,,
318,58692,2,58691,11,58690,26,58701,2,58702,11,58703,26
319,58688,2,58687,19,58686,15,58697,2,58698,19,58699,15
320,58688,2,58687,10,58686,24,58697,2,58698,10,58699,24
321,58684,50,,,,,58695,20,58696,30,,
322,58689,1,58688,45,,,58698,1,58699,19,58700,26
323,58687,2,58686,49,,,58697,22,58698,29,,
324,58686,16,58685,27,,,58691,1,58697,43,,
325,58685,2,58684,18,58683,27,58694,2,58695,18,58696,27
326,58685,2,58684,13,58683,20,58694,2,58695,13,58696,20
327,58679,2,58678,16,58677,25,58683,1,58688,2,58689,16
328,58676,14,58675,29,,,58687,43,,,,
329,58671,1,58670,16,58669,15,58675,1,58680,1,58681,16
330,58664,16,58663,18,,,58675,16,58676,18,,
331,58666,1,58665,17,58664,24,58675,1,58676,17,58677,24
332,58670,1,58669,20,58668,18,58679,1,58680,20,58681,18
333,58669,20,58668,23,,,58679,1,58680,42,,
334,58670,12,58669,22,,,58681,34,,,,
335,58671,2,58670,11,58669,20,58680,2,58681,11,58682,20
336,58672,18,58671,20,,,58677,2,58683,18,58684,20
337,58675,1,58674,16,58673,15,58684,1,58685,16,58686,15
338,58666,10,58665,22,,,58677,10,58678,22,,
339,58668,1,58667,15,58666,24,58677,1,58678,15,58679,24
340,58670,2,58669,20,58668,19,58679,2,58680,20,58681,19
341,58672,2,58671,11,58670,15,58681,2,58682,26,,
342,58669,2,58668,14,58667,20,58678,2,58679,14,58680,20
343,58668,1,58667,17,58666,15,58677,1,58678,17,58679,15
344,58661,2,58660,32,,,58671,18,58672,16,,
345,58661,2,58660,20,58659,24,58670,2,58671,44,,
346,58658,11,58657,18,,,58668,11,58669,18,,
347,58661,16,58660,29,,,58671,2,58672,43,,
348,58662,2,58661,16,58660,26,58671,2,58672,16,58673,26
349,58655,26,,,,,58666,10,58667,16,,
350,58653,35,,,,,58658,1,58664,14,58665,21
351,58656,2,58655,17,58654,27,58665,2,58666,17,58667,27
352,58653,13,58652,25,,,58664,13,58665,25,,
353,58658,12,58657,27,,,58668,12,58669,27,,
354,58652,2,58651,20,58650,23,58661,2,58662,20,58663,23
355,58652,2,58651,20,58650,26,58661,2,58662,20,58663,26
356,58647,1,58646,45,,,58657,20,58658,26,,
357,58647,2,58646,13,58645,27,58656,2,58657,13,58658,27
358,58648,7,58644,2,58643,14,58653,2,58654,14,58655,18
359,58645,2,58644,19,58643,16,58654,2,58655,19,58656,16
360,58645,10,58644,26,,,58656,10,58657,26,,
361,58645,2,58644,20,58643,26,58654,2,58655,20,58656,26
362,58645,1,58644,42,,,58655,17,58656,26,,
363,58640,1,58639,33,,,58650,11,58651,23,,
364,58638,17,58637,23,,,58648,17,58649,23,,
365,58638,2,58637,16,58636,22,58647,2,58648,16,58649,22
366,58643,1,58642,12,58641,27,58652,1,58653,12,58654,27
367,58639,1,58638,19,58637,24,58648,1,58649,19,58650,24
368,58639,16,58638,20,,,58649,2,58650,34,,
369,58636,16,58635,28,,,58647,16,58648,28,,
370,58635,13,58634,20,,,58645,13,58646,20,,
371,58627,15,58626,18,,,58632,5,58638,15,58639,18
372,58631,2,58630,15,58629,29,58640,2,58641,15,58642,29
373,58632,1,58631,16,58630,24,58641,1,58642,16,58643,24
374,58645,4,58635,13,58634,17,58646,13,58647,17,,
375,58643,15,58642,15,,,58653,15,58654,15,,
376,58647,20,58646,26,,,58657,20,58658,26,,
377,58646,4,58641,10,58640,28,58652,10,58653,28,,
378,58638,2,58637,16,58636,16,58647,2,58648,16,58649,16
379,58644,2,58643,20,58642,25,58653,2,58654,20,58655,25
380,58648,20,58647,23,,,58659,43,,,,
381,58648,1,58647,10,58646,17,58657,1,58658,27,,
382,58646,2,58645,16,58644,29,58655,2,58656,16,58657,29
383,58640,15,58639,25,,,58651,15,58652,25,,
384,58646,2,58645,18,58644,19,58655,2,58656,18,58657,19
385,58639,2,58638,18,58637,27,58648,2,58649,18,58650,27
386,58637,2,58636,13,58635,15,58646,2,58647,13,58648,15
387,58635,2,58634,10,58633,17,58644,2,58645,10,58646,17
388,58636,2,58635,34,,,58645,2,58646,10,58647,24
389,58638,8,58634,2,58633,18,58643,2,58644,18,58645,16
390,58627,1,58626,15,58625,24,58636,1,58637,15,58638,24
391,58628,2,58627,16,58626,28,58637,2,58638,16,58639,28
392,58629,15,58628,28,,,58640,15,58641,28,,
393,58629,11,58628,26,,,58640,37,,,,
394,58638,7,58633,34,,,58644,11,58645,23,,
395,58631,19,58630,19,,,58642,19,58643,19,,
396,58633,20,58632,22,,,58643,1,58644,41,,
397,58637,1,58636,11,58635,27,58646,1,58647,11,58648,27
398,58630,15,58629,17,,,58640,2,58641,30,,
399,58639,1,58638,19,58637,17,58648,1,58649,19,58650,17
400,58637,1,58636,19,58635,19,58646,1,58647,19,58648,19
401,58631,19,58630,17,,,58642,19,58643,17,,
402,58635,1,58634,16,58633,16,58644,1,58645,16,58646,16
403,58632,1,58631,20,58630,25,58641,1,58642,20,58643,25
404,58639,2,58638,20,58637,25,58648,2,58649,20,58650,25
405,58644,1,58643,14,58642,27,58653,1,58654,14,58655,27
406,58639,12,58638,26,,,58650,12,58651,26,,
407,58638,1,58637,15,58636,23,58647,1,58648,15,58649,23
408,58635,18,58634,29,,,58646,18,58647,29,,
409,58636,16,58635,27,,,58647,16,58648,27,,
410,58634,17,58633,22,,,58644,1,58645,38,,
411,58633,2,58632,19,58631,22,58642,2,58643,19,58644,22
412,58635,19,58634,17,,,58645,19,58646,17,,
413,58635,20,58634,29,,,58646,20,58647,29,,
414,58638,1,58637,46,,,58648,20,58649,27,,
415,58636,2,58635,32,,,58646,18,58647,16,,
416,58637,13,58636,16,,,58648,13,58649,16,,
417,58633,19,58632,23,,,58643,19,58644,23,,
418,58637,1,58636,19,58635,26,58646,1,58647,19,58648,26
419,58640,16,58639,27,,,58651,16,58652,27,,
420,58638,1,58637,11,58636,30,58647,1,58648,11,58649,30
421,58634,15,58633,18,,,58645,15,58646,18,,
422,58634,19,58633,30,,,58645,49,,,,
423,58633,2,58632,15,58631,19,58642,2,58643,15,58644,19
424,58633,2,58632,42,,,58642,2,58643,16,58644,26
425,58633,13,58632,25,,,58644,13,58645,25,,
426,58631,33,,,,,58642,16,58643,17,,
427,58629,1,58628,13,58627,19,58638,1,58639,13,58640,19
428,58626,17,58625,21,,,58637,17,58638,21,,
429,58633,17,58632,15,,,58644,32,,,,
430,58638,1,58637,17,58636,17,58647,1,58648,17,58649,17
431,58638,1,58637,37,,,58642,7,58648,14,58649,24
432,58641,2,58640,13,58639,24,58650,2,58651,13,58652,24
433,58647,17,58646,22,,,58658,17,58659,22,,
434,58650,2,58649,34,,,58659,2,58660,15,58661,19
435,58645,1,58644,13,58643,24,58654,1,58655,13,58656,24
436,58660,3,58650,11,58649,18,58661,11,58662,18,,
437,58659,19,58658,30,,,58669,1,58670,48,,
438,58659,1,58658,17,58657,23,58668,1,58669,17,58670,23
439,58659,2,58658,11,58657,15,58668,2,58669,11,58670,15
440,58657,2,58656,16,58655,16,58666,2,58667,16,58668,16
441,58655,2,58654,13,58653,28,58664,2,58665,13,58666,28
442,58653,14,58652,29,,,58664,14,58665,29,,
443,58651,2,58650,10,58649,27,58660,2,58661,37,,
444,58646,1,58645,13,58644,16,58655,1,58656,13,58657,16
445,58642,14,58641,28,,,58653,14,58654,28,,
446,58652,4,58643,1,58642,20,58653,20,58654,23,,
447,58637,2,58636,13,58635,25,58646,2,58647,13,58648,25
448,58625,10,58624,24,,,58636,10,58637,24,,
449,58630,6,58626,2,58625,20,58635,2,58636,20,58637,24
450,58620,1,58619,19,58618,16,58629,1,58630,19,58631,16
451,58612,20,58611,16,,,58623,20,58624,16,,
452,58618,8,58614,1,58613,32,58623,1,58624,13,58625,19
453,58611,15,58610,25,,,58622,15,58623,25,,
454,58608,17,58607,28,,,58619,17,58620,28,,
455,58607,13,58606,29,,,58617,13,58618,29,,
456,58609,1,58608,16,58607,28,58613,4,58618,1,58619,44
457,58611,2,58610,11,58609,29,58620,2,58621,11,58622,29
458,58613,2,58612,17,58611,15,58622,2,58623,17,58624,15
459,58610,1,58609,16,58608,15,58619,1,58620,16,58621,15
460,58609,16,58608,30,,,58620,16,58621,30,,
461,58603,13,58602,27,,,58614,13,58615,27,,
462,58606,15,58605,19,,,58617,15,58618,19,,
463,58609,2,58608,11,58607,21,58618,2,58619,11,58620,21
464,58607,12,58606,28,,,58618,12,58619,28,,
465,58607,1,58606,20,58605,20,58616,1,58617,20,58618,20
466,58615,20,58614,21,,,58626,20,58627,21,,
467,58619,1,58618,14,58617,21,58628,1,58629,14,58630,21
468,58622,3,58617,12,58616,29,58628,12,58629,29,,
469,58620,1,58619,17,58618,27,58629,1,58630,17,58631,27
470,58623,1,58622,36,,,58632,1,58633,20,58634,16
471,58621,15,58620,30,,,58632,15,58633,30,,
472,58624,2,58623,46,,,58633,2,58634,19,58635,27
473,58629,19,58628,22,,,58634,3,58640,19,58641,22
474,58625,20,58624,29,,,58636,20,58637,29,,
475,58637,7,58633,1,58632,11,58642,1,58643,11,58644,17
476,58634,15,58633,29,,,58645,15,58646,29,,
477,58636,15,58635,22,,,58647,15,58648,22,,
478,58637,45,,,,,58648,20,58649,25,,
479,58639,42,,,,,58650,14,58651,28,,
480,58637,1,58636,20,58635,17,58646,1,58647,20,58648,17
481,58633,13,58632,20,,,58643,1,58644,32,,
482,58633,1,58632,16,58631,24,58642,1,58643,16,58644,24
483,58627,1,58626,17,58625,23,58636,1,58637,17,58638,23
484,58634,2,58633,20,58632,15,58643,2,58644,20,58645,15
485,58629,19,58628,29,,,58640,19,58641,29,,
486,58635,4,58631,1,58630,18,58640,1,58641,18,58642,25
487,58635,1,58634,13,58633,19,58644,1,58645,13,58646,19
488,58635,1,58634,19,58633,26,58644,1,58645,19,58646,26
489,58633,13,58632,16,,,58644,13,58645,16,,
490,58638,1,58637,19,58636,27,58647,1,58648,19,58649,27
491,58633,19,58632,16,,,58644,19,58645,16,,
492,58634,1,58633,19,58632,25,58643,1,58644,19,58645,25
493,58629,16,58628,21,,,58640,16,58641,21,,
494,58628,1,58627,14,58626,15,58637,1,58638,14,58639,15
495,58627,1,58626,26,,,58636,1,58637,11,58638,15
496,58622,2,58621,15,58620,21,58626,1,58631,2,58632,15
497,58619,32,,,,,58630,15,58631,17,,
498,58618,15,58617,30,,,58628,15,58629,30,,
499,58618,1,58617,16,58616,24,58622,3,58627,1,58628,16
500,58622,2,58621,16,58620,20,58631,2,58632,16,58633,20
501,58628,2,58627,12,58626,24,58637,2,58638,12,58639,24
502,58627,7,58623,1,58622,14,58632,1,58633,14,58634,28
503,58621,11,58620,29,,,58632,11,58633,29,,
504,58623,2,58622,18,58621,23,58632,2,58633,18,58634,23
505,58617,1,58616,18,58615,19,58626,1,58627,18,58628,19
506,58608,2,58607,11,58606,30,58617,2,58618,11,58619,30
507,58601,11,58600,15,,,58612,11,58613,15,,
508,58609,2,58608,19,58607,15,58618,2,58619,19,58620,15
509,58612,13,58611,19,,,58623,13,58624,19,,
510,58609,2,58608,19,58607,25,58618,2,58619,19,58620,25
511,58611,13,58610,16,,,58622,29,,,,
512,58620,16,58619,21,,,58625,6,58631,16,58632,21
513,58626,2,58625,16,58624,20,58635,2,58636,16,58637,20
514,58629,5,58624,17,58623,27,58634,1,58635,43,,
515,58628,14,58627,25,,,58639,14,58640,25,,
516,58627,2,58626,10,58625,26,58637,10,58638,26,,
517,58633,2,58632,18,58631,22,58642,2,58643,18,58644,22
518,58636,16,58635,30,,,58647,16,58648,30,,
519,58635,2,58634,10,58633,29,58644,2,58645,10,58646,29
520,58635,16,58634,29,,,58646,16,58647,29,,
521,58639,1,58638,12,58637,25,58648,1,58649,12,58650,25
522,58630,41,,,,,58641,14,58642,27,,
523,58626,13,58625,30,,,58637,13,58638,30,,
524,58634,1,58633,20,58632,28,58643,1,58644,20,58645,28
525,58632,2,58631,40,,,58641,2,58642,17,58643,23
526,58632,1,58631,16,58630,28,58641,1,58642,16,58643,28
527,58634,8,58630,1,58629,19,58639,1,58640,19,58641,15
528,58627,2,58626,15,58625,30,58631,6,58636,2,58637,15
529,58630,1,58629,10,58628,23,58639,1,58640,10,58641,23
530,58628,1,58627,19,58626,21,58637,1,58638,19,58639,21
531,58632,4,58623,2,58622,16,58633,16,58634,26,,
532,58618,20,58617,30,,,58629,20,58630,30,,
533,58619,6,58614,17,58613,15,58625,17,58626,15,,
534,58611,2,58610,14,58609,21,58620,2,58621,14,58622,21
535,58609,13,58608,20,,,58620,13,58621,20,,
536,58613,1,58612,12,58611,26,58622,1,58623,12,58624,26
537,58614,19,58613,26,,,58625,19,58626,26,,
538,58620,15,58619,23,,,58631,15,58632,23,,
539,58626,1,58625,14,58624,30,58635,1,58636,14,58637,30
540,58621,1,58620,12,58619,30,58630,1,58631,12,58632,30
541,58624,1,58623,44,,,58634,18,58635,27,,
542,58632,1,58631,12,58630,30,58641,1,58642,42,,
543,58643,8,58638,18,58637,29,58648,18,58649,29,,
544,58636,15,58635,27,,,58647,15,58648,27,,
545,58647,2,58646,12,58645,17,58656,2,58657,12,58658,17
546,58648,1,58647,34,,,58658,18,58659,17,,
547,58650,1,58649,20,58648,29,58659,1,58660,20,58661,29
548,58661,7,58657,2,58656,41,58667,14,58668,29,,
549,58653,2,58652,43,,,58663,17,58664,28,,
550,58653,2,58652,18,58651,20,58662,2,58663,18,58664,20
551,58649,2,58648,13,58647,18,58658,2,58659,13,58660,18
552,58652,1,58651,13,58650,28,58661,1,58662,13,58663,28
553,58655,11,58654,15,,,58666,11,58667,15,,
554,58655,1,58654,12,58653,24,58664,1,58665,12,58666,24
555,58660,1,58652,2,58651,10,58661,2,58662,10,58663,16
556,58652,11,58651,17,,,58663,11,58664,17,,
557,58652,1,58651,18,58650,23,58661,1,58662,41,,
558,58658,1,58657,10,58656,20,58667,1,58668,10,58669,20
559,58660,8,58655,20,58654,28,58666,20,58667,28,,
560,58658,1,58657,17,58656,28,58667,1,58668,17,58669,28
561,58663,1,58662,10,58661,28,58672,1,58673,10,58674,28
562,58660,1,58659,31,,,58670,12,58671,20,,
563,58656,13,58655,19,,,58667,32,,,,
564,58654,15,58653,20,,,58664,2,58665,33,,
565,58651,12,58650,22,,,58662,12,58663,22,,
566,58655,22,58654,17,,,58665,2,58666,37,,
567,58657,17,58656,26,,,58668,43,,,,
568,58657,13,58656,15,,,58668,13,58669,15,,
569,58659,1,58658,14,58657,19,58668,1,58669,14,58670,19
570,58654,2,58653,38,,,58663,2,58664,20,58665,18
571,58655,19,58654,21,,,58666,19,58667,21,,
572,58657,1,58656,11,58655,19,58666,1,58667,11,58668,19
573,58658,1,58657,14,58656,22,58667,1,58668,14,58669,22
574,58660,1,58659,14,58658,17,58669,1,58670,14,58671,17
575,58660,11,58659,28,,,58671,11,58672,28,,
576,58665,2,58664,20,58663,28,58674,2,58675,20,58676,28
577,58668,1,58667,37,,,58678,20,58679,18,,
578,58670,2,58669,12,58668,18,58679,2,58680,12,58681,18
579,58673,2,58672,16,58671,28,58682,2,58683,16,58684,28
580,58670,19,58669,15,,,58681,19,58682,15,,
581,58662,13,58661,23,,,58673,13,58674,23,,
582,58662,2,58661,19,58660,17,58671,2,58672,19,58673,17
583,58663,2,58662,10,58661,27,58672,2,58673,10,58674,27
584,58658,13,58657,15,,,58669,13,58670,15,,
585,58659,2,58658,17,58657,28,58668,2,58669,17,58670,28
586,58666,1,58665,13,58664,26,58675,1,58676,13,58677,26
587,58667,1,58666,19,58665,15,58676,1,58677,19,58678,15
588,58666,1,58665,18,58664,16,58675,1,58676,18,58677,16
589,58664,2,58663,15,58662,15,58673,2,58674,15,58675,15
590,58675,6,58667,1,58666,18,58676,1,58677,18,58678,29
591,58664,12,58663,15,,,58674,1,58675,26,,
592,58665,2,58664,20,58663,25,58674,2,58675,20,58676,25
593,58665,14,58664,26,,,58676,14,58677,26,,
594,58668,17,58667,17,,,58679,17,58680,17,,
595,58663,2,58662,12,58661,26,58672,2,58673,12,58674,26
596,58663,1,58662,11,58661,29,58672,1,58673,11,58674,29
597,58660,1,58659,16,58658,23,58669,1,58670,16,58671,23
598,58660,2,58659,11,58658,24,58669,2,58670,11,58671,24
599,58661,12,58660,23,,,58671,2,58672,33,,
600,58659,1,58658,15,58657,27,58668,1,58669,15,58670,27
601,58663,1,58662,10,58661,22,58672,1,58673,10,58674,22
602,58665,12,58664,21,,,58675,1,58676,32,,
603,58665,1,58664,19,58663,29,58674,1,58675,19,58676,29
604,58673,2,58672,36,,,58683,17,58684,21,,
605,58679,20,58678,28,,,58690,20,58691,28,,
606,58687,1,58683,1,58682,12,58692,1,58693,12,58694,26
607,58682,20,58681,21,,,58693,41,,,,
608,58687,2,58686,17,58685,15,58696,2,58697,17,58698,15
609,58692,13,58691,30,,,58703,13,58704,30,,
610,58700,1,58699,19,58698,22,58709,1,58710,19,58711,22
611,58703,2,58702,40,,,58712,2,58713,11,58714,29
612,58701,19,58700,25,,,58712,19,58713,25,,
613,58688,26,,,,,58699,11,58700,15,,
614,58686,40,,,,,58697,11,58698,29,,
615,58683,19,58682,15,,,58694,19,58695,15,,
616,58684,1,58683,11,58682,15,58693,1,58694,11,58695,15
617,58687,2,58686,20,58685,23,58696,2,58697,20,58698,23
618,58692,2,58691,11,58690,24,58701,2,58702,11,58703,24
619,58691,38,,,,,58702,20,58703,18,,
620,58694,35,,,,,58695,3,58705,20,58706,15
621,58697,2,58696,19,58695,22,58706,2,58707,19,58708,22
622,58702,2,58701,33,,,58712,19,58713,16,,
623,58703,6,58702,16,,,58714,29,,,,
624,58702,16,58701,28,,,58713,16,58714,28,,
625,58709,2,58708,17,58707,24,58718,2,58719,17,58720,24
626,58707,1,58706,12,58705,21,58716,1,58717,12,58718,21
627,58700,15,58699,24,,,58710,15,58711,24,,
628,58695,20,58694,17,,,58706,20,58707,17,,
629,58692,2,58691,13,58690,25,58701,2,58702,38,,
630,58688,12,58687,20,,,58699,32,,,,
631,58687,37,,,,,58698,17,58699,20,,
632,58687,16,58686,24,,,58697,1,58698,39,,
633,58682,13,58681,26,,,58693,13,58694,26,,
634,58688,1,58684,2,58683,13,58693,2,58694,13,58695,25
635,58679,40,,,,,58690,10,58691,30,,
636,58681,18,58680,28,,,58692,18,58693,28,,
637,58682,14,58681,21,,,58692,14,58693,21,,
638,58693,1,58692,18,58691,17,58702,1,58703,18,58704,17
639,58692,20,58691,15,,,58703,35,,,,
640,58696,19,58695,28,,,58707,19,58708,28,,
641,58700,2,58699,19,58698,15,58709,2,58710,19,58711,15
642,58704,2,58703,13,58702,20,58713,2,58714,13,58715,20
643,58702,2,58701,38,,,58711,2,58712,13,58713,25
644,58699,2,58698,16,58697,18,58708,2,58709,16,58710,18
645,58696,2,58695,12,58694,29,58705,2,58706,12,58707,29
646,58694,2,58693,13,58692,18,58703,2,58704,13,58705,18
647,58689,1,58688,34,,,58699,12,58700,23,,
648,58683,1,58682,16,58681,19,58692,1,58693,16,58694,19
649,58682,2,58681,15,58680,24,58691,2,58692,15,58693,24
650,58682,21,58681,27,,,58692,1,58693,47,,
651,58679,1,58678,14,58677,18,58688,1,58689,14,58690,18
652,58679,1,58678,13,58677,24,58688,1,58689,13,58690,24
653,58678,40,,,,,58689,20,58690,20,,
654,58672,12,58671,20,,,58683,12,58684,20,,
655,58674,13,58673,22,,,58685,13,58686,22,,
656,58675,19,58674,29,,,58686,19,58687,29,,
657,58678,14,58677,29,,,58683,6,58689,14,58690,29
658,58682,11,58681,24,,,58693,11,58694,24,,
659,58681,2,58680,20,58679,20,58690,2,58691,40,,
660,58687,1,58686,12,58685,24,58696,1,58697,12,58698,24
661,58679,2,58678,12,58677,20,58688,2,58689,12,58690,20
662,58677,1,58676,16,58675,28,58686,1,58687,16,58688,28
663,58675,13,58674,25,,,58686,13,58687,25,,
664,58682,2,58678,2,58677,12,58687,2,58688,12,58689,29
665,58675,1,58674,10,58673,25,58684,1,58685,10,58686,25
666,58666,2,58665,39,,,58675,2,58676,18,58677,21
667,58668,1,58667,31,,,58677,1,58678,16,58679,15
668,58672,1,58671,14,58670,16,58676,7,58681,1,58682,14
669,58664,11,58663,26,,,58675,11,58676,26,,
670,58663,2,58662,43,,,58673,15,58674,30,,
671,58665,1,58664,17,58663,19,58674,1,58675,17,58676,19
672,58663,17,58662,28,,,58674,45,,,,
673,58667,1,58666,12,58665,28,58676,1,58677,12,58678,28
674,58671,1,58670,12,58669,21,58680,1,58681,12,58682,21
675,58669,14,58668,24,,,58680,14,58681,24,,
676,58665,20,58664,18,,,58675,1,58676,37,,
677,58670,2,58669,11,58668,23,58679,2,58680,11,58681,23
678,58672,2,58671,10,58670,22,58681,2,58682,10,58683,22
679,58674,14,58673,27,,,58685,14,58686,27,,
680,58676,20,58675,20,,,58687,20,58688,20,,
681,58677,1,58676,40,,,58687,18,58688,23,,
682,58672,1,58671,46,,,58682,19,58683,28,,
683,58672,1,58671,19,58670,22,58681,1,58682,19,58683,22
684,58667,1,58666,10,58665,18,58676,1,58677,28,,
685,58654,20,58653,17,,,58664,1,58665,36,,
686,58651,19,58650,19,,,58652,5,58662,19,58663,19
687,58656,2,58655,16,58654,25,58665,2,58666,16,58667,25
688,58650,1,58649,12,58648,21,58654,1,58659,1,58660,12
689,58658,2,58657,16,58656,19,58667,2,58668,35,,
690,58654,1,58653,16,58652,17,58663,1,58664,16,58665,17
691,58656,17,58655,23,,,58666,1,58667,39,,
692,58662,2,58658,1,58657,15,58667,1,58668,15,58669,27
693,58666,1,58665,31,,,58676,16,58677,16,,
694,58666,14,58665,23,,,58677,14,58678,23,,
695,58661,1,58660,18,58659,29,58670,1,58671,47,,
696,58660,2,58659,20,58658,19,58669,2,58670,20,58671,19
697,58662,19,58661,27,,,58672,19,58673,27,,
698,58662,1,58661,11,58660,19,58671,1,58672,11,58673,19
699,58663,2,58662,16,58661,25,58672,2,58673,16,58674,25
700,58662,2,58661,18,58660,26,58671,2,58672,18,58673,26
701,58666,18,58665,17,,,58677,18,58678,17,,
702,58669,2,58668,15,58667,25,58678,2,58679,15,58680,25
703,58668,1,58667,42,,,58678,18,58679,25,,
704,58660,20,58659,21,,,58670,2,58671,39,,
705,58657,12,58656,29,,,58668,12,58669,29,,
706,58654,18,58653,17,,,58664,18,58665,17,,
707,58665,11,58664,17,,,58676,11,58677,17,,
708,58661,2,58660,14,58659,17,58670,2,58671,14,58672,17
709,58666,17,58665,22,,,58671,5,58677,17,58678,22
710,58679,5,58670,2,58669,38,58680,22,58681,18,,
711,58679,5,58674,10,58673,18,58685,10,58686,18,,
712,58678,1,58677,14,58676,24,58687,1,58688,14,58689,24
713,58678,2,58677,19,58676,28,58687,2,58688,19,58689,28
714,58677,2,58676,14,58675,17,58686,2,58687,14,58688,17
715,58674,14,58673,23,,,58685,14,58686,23,,
716,58675,1,58671,2,58670,40,58680,2,58681,18,58682,22
717,58674,1,58673,13,58672,21,58683,1,58684,13,58685,21
718,58673,12,58672,19,,,58684,12,58685,19,,
719,58680,2,58679,16,58678,18,58684,2,58689,2,58690,16
720,58674,17,58673,27,,,58684,1,58685,43,,
721,58674,2,58673,19,58672,17,58683,2,58684,19,58685,17
722,58672,13,58671,26,,,58683,13,58684,26,,
723,58671,1,58670,13,58669,24,58680,1,58681,13,58682,24
724,58668,19,58667,17,,,58679,19,58680,17,,
725,58675,2,58674,39,,,58679,1,58685,20,58686,21
726,58681,7,58680,30,,,58692,11,58693,30,,
727,58674,11,58673,25,,,58685,11,58686,25,,
728,58673,22,58672,17,,,58678,2,58683,22,58684,17
729,58667,1,58666,15,58665,22,58676,1,58677,15,58678,22
730,58669,16,58668,25,,,58674,8,58680,41,,
731,58669,1,58668,17,58667,19,58678,1,58679,17,58680,19
732,58668,1,58667,16,58666,18,58677,1,58678,16,58679,18
733,58676,2,58675,13,58674,20,58685,2,58686,13,58687,20
734,58674,20,58673,25,,,58685,20,58686,25,,
735,58675,1,58674,18,58673,23,58684,1,58685,18,58686,23
736,58672,19,58671,18,,,58683,19,58684,18,,
737,58664,13,58663,26,,,58675,13,58676,26,,
738,58668,1,58667,13,58666,16,58677,1,58678,13,58679,16
739,58674,7,58669,13,58668,29,58680,13,58681,29,,
740,58663,2,58662,11,58661,24,58672,2,58673,11,58674,24
741,58664,1,58663,15,58662,19,58673,1,58674,15,58675,19
742,58659,1,58658,11,58657,15,58668,1,58669,11,58670,15
743,58657,1,58656,17,58655,20,58666,1,58667,17,58668,20
744,58658,7,58654,2,58653,10,58663,2,58664,10,58665,25
745,58661,2,58660,11,58659,16,58670,2,58671,11,58672,16
746,58666,2,58665,11,58664,18,58675,2,58676,11,58677,18
747,58662,1,58661,11,58660,29,58671,1,58672,11,58673,29
748,58659,17,58658,27,,,58669,2,58670,42,,
749,58657,21,58656,24,,,58667,1,58668,44,,
750,58653,1,58652,50,,,58662,1,58663,20,58664,30
751,58653,2,58652,14,58651,25,58662,2,58663,14,58664,25
752,58647,1,58646,13,58645,23,58656,1,58657,13,58658,23
753,58640,1,58639,16,58638,15,58649,1,58650,16,58651,15
754,58642,17,58641,25,,,58653,17,58654,25,,
755,58645,16,58644,16,,,58655,16,58656,16,,
756,58640,15,58639,19,,,58650,2,58651,32,,
757,58638,2,58637,15,58636,27,58642,2,58647,2,58648,15
758,58637,2,58636,13,58635,25,58646,2,58647,38,,
759,58626,2,58625,11,58624,20,58635,2,58636,11,58637,20
760,58624,5,58615,16,58614,15,58625,1,58626,30,,
761,58611,29,,,,,58622,10,58623,19,,
762,58603,12,58602,17,,,58608,7,58614,12,58615,17
763,58605,1,58604,18,58603,22,58614,1,58615,18,58616,22
764,58606,20,58605,30,,,58617,20,58618,30,,
765,58602,19,58601,25,,,58613,19,58614,25,,
766,58603,38,,,,,58614,15,58615,23,,
767,58604,1,58603,19,58602,24,58608,7,58613,1,58614,19
768,58601,14,58600,24,,,58606,3,58612,14,58613,24
769,58607,6,58599,2,58598,20,58608,2,58609,20,58610,27
770,58594,46,,,,,58605,20,58606,26,,
771,58599,30,,,,,58610,11,58611,19,,
772,58597,12,58596,30,,,58608,12,58609,30,,
773,58599,16,58598,20,,,58609,16,58610,20,,
774,58602,2,58601,12,58600,18,58611,2,58612,12,58613,18
775,58607,21,58606,26,,,58617,1,58618,46,,
776,58606,11,58605,30,,,58617,41,,,,
777,58609,1,58608,18,58607,25,58618,1,58619,18,58620,25
778,58616,2,58615,15,58614,25,58625,2,58626,15,58627,25
779,58617,12,58616,15,,,58627,2,58628,25,,
780,58609,14,58608,25,,,58620,14,58621,25,,
781,58609,1,58604,16,58603,18,58615,16,58616,18,,
782,58605,15,58604,26,,,58616,15,58617,26,,
783,58602,12,58601,21,,,58613,12,58614,21,,
784,58600,14,58599,18,,,58611,14,58612,18,,
785,58599,2,58598,14,58597,21,58608,2,58609,14,58610,21
786,58604,2,58603,12,58602,23,58613,2,58614,12,58615,23
787,58602,1,58601,13,58600,23,58611,1,58612,13,58613,23
788,58607,7,58602,12,58601,23,58613,12,58614,23,,
789,58596,1,58595,45,,,58606,20,58607,26,,
790,58595,1,58594,15,58593,16,58604,1,58605,15,58606,16
791,58597,18,58596,23,,,58608,18,58609,23,,
792,58602,2,58601,20,58600,21,58611,2,58612,20,58613,21
793,58602,1,58601,12,58600,26,58611,1,58612,12,58613,26
794,58616,2,58607,15,58606,17,58618,15,58619,17,,
795,58611,2,58610,14,58609,25,58620,2,58621,14,58622,25
796,58608,2,58607,15,58606,24,58617,2,58618,39,,
797,58617,8,58612,17,58611,26,58623,43,,,,
798,58611,17,58610,27,,,58622,44,,,,
799,58623,1,58619,1,58618,20,58628,1,58629,20,58630,18
800,58621,22,58620,17,,,58631,2,58632,37,,
801,58620,1,58619,19,58618,24,58629,1,58630,19,58631,24
802,58617,19,58616,22,,,58628,19,58629,22,,
803,58624,1,58623,14,58622,28,58633,1,58634,14,58635,28
804,58625,2,58624,11,58623,27,58634,2,58635,11,58636,27
805,58617,1,58616,17,58615,19,58626,1,58627,17,58628,19
806,58622,1,58621,40,,,58631,1,58632,18,58633,22
807,58623,2,58622,17,58621,28,58632,2,58633,17,58634,28
808,58620,2,58619,31,,,58630,17,58631,16,,
809,58622,1,58621,17,58620,16,58631,1,58632,17,58633,16
810,58624,1,58623,43,,,58634,15,58635,29,,
811,58618,2,58617,11,58616,22,58627,2,58628,11,58629,22
812,58622,1,58621,18,58620,24,58631,1,58632,18,58633,24
813,58623,2,58622,10,58621,27,58632,2,58633,37,,
814,58627,1,58626,12,58625,16,58636,1,58637,12,58638,16
815,58630,20,58629,15,,,58641,35,,,,
816,58633,19,58632,19,,,58638,1,58643,19,58644,19
817,58635,2,58634,17,58633,27,58644,2,58645,17,58646,27
818,58636,40,,,,,58641,5,58647,12,58648,28
819,58628,16,58627,20,,,58638,16,58639,20,,
820,58634,12,58633,23,,,58644,1,58645,34,,
821,58632,16,58631,26,,,58643,16,58644,26,,
822,58629,10,58628,26,,,58640,10,58641,26,,
823,58626,18,58625,26,,,58636,2,58637,42,,
824,58623,1,58622,13,58621,28,58632,1,58633,13,58634,28
825,58632,1,58631,14,58630,20,58641,1,58642,14,58643,20
826,58634,2,58633,36,,,58644,20,58645,18,,
827,58635,1,58634,20,58633,21,58644,1,58645,20,58646,21
828,58633,13,58632,23,,,58644,13,58645,23,,
829,58625,1,58624,16,58623,29,58634,1,58635,16,58636,29
830,58619,17,58618,29,,,58629,17,58630,29,,
831,58622,18,58621,30,,,58633,18,58634,30,,
832,58621,2,58620,12,58619,20,58630,2,58631,12,58632,20
833,58625,1,58624,44,,,58635,20,58636,25,,
834,58631,1,58630,12,58629,30,58640,1,58641,12,58642,30
835,58626,13,58625,15,,,58637,13,58638,15,,
836,58627,20,58626,24,,,58638,44,,,,
837,58623,1,58622,10,58621,23,58632,1,58633,33,,
838,58627,11,58626,17,,,58638,11,58639,17,,
839,58625,1,58624,13,58623,17,58634,1,58635,13,58636,17
840,58632,1,58631,11,58630,22,58641,1,58642,11,58643,22
841,58637,2,58636,11,58635,30,58646,2,58647,11,58648,30
842,58640,2,58639,14,58638,21,58649,2,58650,14,58651,21
843,58640,37,,,,,58651,12,58652,25,,
844,58649,2,58648,19,58647,17,58658,2,58659,19,58660,17
845,58645,1,58644,20,58643,27,58654,1,58655,20,58656,27
846,58642,14,58641,23,,,58653,37,,,,
847,58649,3,58645,2,58644,13,58654,2,58655,13,58656,15
848,58641,36,,,,,58652,18,58653,18,,
849,58631,17,58630,25,,,58642,17,58643,25,,
850,58625,1,58624,19,58623,16,58634,1,58635,19,58636,16
851,58621,1,58620,25,,,58631,11,58632,15,,
852,58622,11,58621,27,,,58633,11,58634,27,,
853,58629,2,58628,11,58627,19,58638,2,58639,11,58640,19
854,58628,1,58627,10,58626,17,58637,1,58638,10,58639,17
855,58627,1,58626,19,58625,20,58636,1,58637,19,58638,20
856,58620,12,58619,27,,,58631,12,58632,27,,
857,58624,12,58623,23,,,58635,12,58636,23,,
858,58619,2,58618,16,58617,27,58628,2,58629,16,58630,27
859,58621,1,58620,29,,,58631,12,58632,18,,
860,58617,15,58616,19,,,58628,15,58629,19,,
861,58618,2,58614,2,58613,12,58623,2,58624,12,58625,28
862,58610,1,58609,35,,,58620,16,58621,20,,
863,58610,2,58609,16,58608,19,58619,2,58620,16,58621,19
864,58608,2,58607,14,58606,25,58617,2,58618,14,58619,25
865,58607,15,58606,22,,,58618,15,58619,22,,
866,58605,16,58604,24,,,58616,16,58617,24,,
867,58604,36,,,,,58615,15,58616,21,,
868,58609,13,58608,28,,,58620,13,58621,28,,
869,58611,19,58610,24,,,58622,43,,,,
870,58607,1,58606,14,58605,29,58616,1,58617,14,58618,29
871,58605,19,58604,18,,,58610,6,58616,19,58617,18
872,58606,12,58605,24,,,58617,12,58618,24,,
873,58601,2,58600,14,58599,25,58610,2,58611,14,58612,25
874,58606,1,58605,10,58604,26,58615,1,58616,10,58617,26
875,58604,1,58603,18,58602,17,58613,1,58614,18,58615,17
876,58600,2,58599,12,58598,27,58609,2,58610,12,58611,27
877,58598,2,58597,12,58596,26,58607,2,58608,12,58609,26
878,58601,2,58600,15,58599,25,58610,2,58611,15,58612,25
879,58595,2,58594,42,,,58605,16,58606,28,,
880,58600,2,58599,18,58598,23,58609,2,58610,41,,
881,58602,1,58601,12,58600,23,58611,1,58612,12,58613,23
882,58607,2,58606,17,58605,26,58616,2,58617,17,58618,26
883,58607,1,58606,10,58605,18,58616,1,58617,10,58618,18
884,58611,1,58610,18,58609,25,58620,1,58621,18,58622,25
885,58610,19,58609,29,,,58621,19,58622,29,,
886,58611,16,58610,27,,,58622,16,58623,27,,
887,58611,2,58610,10,58609,29,58620,2,58621,10,58622,29
888,58608,2,58607,15,58606,26,58617,2,58618,15,58619,26
889,58609,1,58608,14,58607,28,58618,1,58619,14,58620,28
890,58617,2,58616,16,58615,22,58626,2,58627,16,58628,22
891,58609,17,58608,23,,,58620,17,58621,23,,
892,58613,2,58612,17,58611,21,58622,2,58623,17,58624,21
893,58609,14,58608,30,,,58610,8,58620,14,58621,30
894,58610,1,58609,16,58608,26,58619,1,58620,16,58621,26
895,58610,2,58609,15,58608,26,58619,2,58620,15,58621,26
896,58613,2,58612,17,58611,25,58622,2,58623,17,58624,25
897,58612,19,58611,23,,,58622,2,58623,40,,
898,58614,18,58613,29,,,58625,18,58626,29,,
899,58613,2,58612,16,58611,22,58622,2,58623,16,58624,22
900,58616,34,,,,,58627,19,58628,15,,
901,58616,1,58615,12,58614,29,58625,1,58626,12,58627,29
902,58625,2,58624,19,58623,16,58634,2,58635,19,58636,16
903,58628,17,58627,22,,,58639,17,58640,22,,
904,58621,20,58620,15,,,58632,35,,,,
905,58617,1,58616,13,58615,26,58626,1,58627,13,58628,26
906,58614,2,58613,19,58612,20,58623,2,58624,19,58625,20
907,58609,15,58608,21,,,58620,15,58621,21,,
908,58602,1,58601,10,58600,30,58611,1,58612,10,58613,30
909,58606,10,58605,16,,,58617,10,58618,16,,
910,58604,22,58603,28,,,58614,2,58615,48,,
911,58603,5,58598,50,,,58609,20,58610,30,,
912,58590,1,58589,15,58588,27,58599,1,58600,15,58601,27
913,58593,15,58592,30,,,58604,45,,,,
914,58589,2,58588,17,58587,20,58598,2,58599,17,58600,20
915,58598,1,58597,10,58596,18,58607,1,58608,10,58609,18
916,58600,2,58599,17,58598,27,58609,2,58610,17,58611,27
917,58595,15,58594,17,,,58606,15,58607,17,,
918,58603,1,58602,13,58601,17,58612,1,58613,13,58614,17
919,58597,1,58596,10,58595,30,58606,1,58607,10,58608,30
920,58599,1,58598,11,58597,18,58608,1,58609,11,58610,18
921,58601,10,58600,28,,,58611,2,58612,11,58613,28
922,58601,10,58600,25,,,58612,10,58613,25,,
923,58595,1,58594,14,58593,29,58604,1,58605,14,58606,29
924,58597,30,,,,,58608,10,58609,20,,
925,58599,21,58598,27,,,58609,2,58610,46,,
926,58598,13,58597,21,,,58609,13,58610,21,,
927,58604,2,58603,11,58602,26,58613,2,58614,11,58615,26
928,58613,3,58604,1,58603,10,58614,10,58615,27,,
929,58604,2,58603,10,58602,20,58613,2,58614,10,58615,20
930,58601,12,58600,20,,,58612,32,,,,
931,58606,2,58605,11,58604,25,58615,2,58616,11,58617,25
932,58605,13,58604,26,,,58616,39,,,,
933,58611,12,58610,16,,,58622,28,,,,
934,58614,18,58613,19,,,58625,18,58626,19,,
935,58617,1,58616,12,58615,22,58626,1,58627,12,58628,22
936,58609,35,,,,,58620,17,58621,18,,
937,58619,1,58618,16,58617,26,58628,1,58629,16,58630,26
938,58620,1,58619,37,,,58630,12,58631,26,,
939,58627,2,58626,12,58625,30,58636,2,58637,12,58638,30
940,58623,11,58622,19,,,58634,11,58635,19,,
941,58620,1,58619,15,58618,22,58629,1,58630,15,58631,22
942,58615,11,58614,25,,,58626,11,58627,25,,
943,58615,2,58614,17,58613,30,58624,2,58625,17,58626,30
944,58608,1,58607,12,58606,21,58612,4,58617,1,58618,12
945,58598,38,,,,,58609,18,58610,20,,
946,58596,33,,,,,58607,13,58608,20,,
947,58597,1,58596,15,58595,26,58606,1,58607,15,58608,26
948,58596,15,58595,25,,,58606,1,58607,39,,
949,58594,2,58593,18,58592,21,58603,2,58604,18,58605,21
950,58601,1,58600,16,58599,27,58610,1,58611,16,58612,27
951,58596,2,58595,16,58594,15,58605,2,58606,16,58607,15
952,58595,42,,,,,58606,16,58607,26,,
953,58589,14,58588,30,,,58600,44,,,,
954,58593,2,58592,11,58591,29,58597,5,58602,2,58603,11
955,58593,20,58592,27,,,58604,20,58605,27,,
956,58601,1,58596,20,58595,24,58607,20,58608,24,,
957,58589,2,58588,11,58587,27,58598,2,58599,11,58600,27
958,58589,1,58588,20,58587,30,58598,1,58599,20,58600,30
959,58594,2,58593,17,58592,28,58603,2,58604,17,58605,28
960,58596,1,58595,43,,,58605,1,58606,20,58607,23
961,58596,1,58595,20,58594,22,58605,1,58606,20,58607,22
962,58592,1,58591,10,58590,23,58601,1,58602,10,58603,23
963,58588,12,58587,22,,,58599,12,58600,22,,
964,58585,2,58584,30,,,58594,2,58595,10,58596,20
965,58588,7,58584,2,58583,16,58593,2,58594,16,58595,24
966,58582,1,58581,18,58580,29,58591,1,58592,18,58593,29
967,58579,2,58578,10,58577,26,58588,2,58589,10,58590,26
968,58581,2,58580,18,58579,25,58590,2,58591,18,58592,25
969,58577,1,58576,11,58575,16,58586,1,58587,11,58588,16
970,58578,1,58577,13,58576,22,58587,1,58588,13,58589,22
971,58579,16,58578,20,,,58590,36,,,,
972,58582,11,58581,17,,,58593,11,58594,17,,
973,58588,28,,,,,58599,10,58600,18,,
974,58590,17,58589,24,,,58601,17,58602,24,,
975,58591,18,58590,20,,,58602,18,58603,20,,
976,58594,2,58593,10,58592,30,58603,2,58604,10,58605,30
977,58587,2,58586,17,58585,18,58596,2,58597,17,58598,18
978,58579,2,58578,20,58577,19,58588,2,58589,20,58590,19
979,58570,14,58569,16,,,58581,14,58582,16,,
980,58564,18,58563,25,,,58574,2,58575,41,,
981,58564,13,58563,18,,,58575,13,58576,18,,
982,58564,16,58563,16,,,58575,16,58576,16,,
983,58560,13,58559,23,,,58571,13,58572,23,,
984,58559,1,58558,42,,,58568,1,58569,16,58570,26
985,58560,2,58559,10,58558,25,58569,2,58570,10,58571,25
986,58559,20,58558,26,,,58564,3,58570,20,58571,26
987,58557,1,58556,17,58555,26,58566,1,58567,17,58568,26
988,58569,2,58568,19,58567,26,58578,2,58579,19,58580,26
989,58571,1,58570,39,,,58581,18,58582,22,,
990,58579,1,58578,14,58577,29,58588,1,58589,14,58590,29
991,58575,39,,,,,58586,16,58587,23,,
992,58587,5,58577,18,58576,22,58588,18,58589,22,,
993,58580,2,58579,31,,,58590,14,58591,19,,
994,58571,1,58570,20,58569,28,58580,1,58581,48,,
995,58572,36,,,,,58583,13,58584,23,,
996,58571,13,58570,21,,,58576,5,58582,13,58583,21
997,58569,12,58568,29,,,58580,12,58581,29,,
998,58568,15,58567,24,,,58578,1,58579,38,,
999,58559,1,58558,13,58557,25,58568,1,58569,13,58570,25
1000,58557,1,58556,13,58555,28,58566,1,58567,13,58568,28
1001,58552,2,58551,19,58550,19,58561,2,58562,19,58563,19
1002,58548,15,58547,30,,,58559,15,58560,30,,
1003,58553,2,58552,17,58551,30,58562,2,58563,17,58564,30
1004,58554,10,58553,16,,,58565,10,58566,16,,
1005,58553,12,58552,30,,,58564,12,58565,30,,
1006,58556,2,58555,20,58554,17,58565,2,58566,20,58567,17
1007,58548,16,58547,23,,,58559,16,58560,23,,
1008,58549,10,58548,29,,,58560,10,58561,29,,
1009,58547,2,58546,16,58545,17,58556,2,58557,16,58558,17
1010,58546,2,58545,16,58544,25,58555,2,58556,16,58557,25
1011,58543,12,58542,28,,,58554,12,58555,28,,
1012,58545,13,58544,21,,,58550,7,58556,13,58557,21
1013,58545,13,58544,17,,,58556,13,58557,17,,
1014,58552,2,58551,19,58550,26,58561,2,58562,19,58563,26
1015,58560,1,58559,15,58558,15,58569,1,58570,30,,
1016,58564,11,58563,27,,,58575,11,58576,27,,
1017,58566,1,58565,14,58564,23,58575,1,58576,14,58577,23
1018,58562,1,58561,16,58560,24,58571,1,58572,16,58573,24
1019,58567,2,58566,18,58565,17,58576,2,58577,18,58578,17
1020,58568,1,58567,13,58566,17,58577,1,58578,13,58579,17
1021,58567,12,58566,20,,,58578,19,58579,20,,
1022,58570,2,58569,10,58568,25,58579,2,58580,10,58581,25
1023,58564,2,58563,17,58562,20,58573,2,58574,17,58575,20
1024,58564,14,58563,15,,,58575,14,58576,15,,
1025,58566,2,58565,36,,,58576,17,58577,21,,
1026,58557,1,58556,12,58555,28,58566,1,58567,12,58568,28
1027,58564,2,58563,11,58562,17,58573,2,58574,11,58575,17
1028,58565,1,58564,18,58563,22,58574,1,58575,18,58576,22
1029,58557,11,58556,23,,,58568,11,58569,23,,
1030,58559,20,58558,26,,,58569,20,58570,26,,
1031,58560,6,58556,1,58555,18,58565,1,58566,18,58567,28
1032,58548,11,58547,20,,,58559,11,58560,20,,
1033,58557,16,58556,29,,,58568,16,58569,29,,
1034,58558,1,58557,18,58556,27,58567,1,58568,18,58569,27
1035,58560,2,58559,14,58558,21,58569,2,58570,14,58571,21
1036,58562,20,58561,25,,,58573,20,58574,25,,
1037,58560,1,58559,18,58558,16,58569,1,58570,18,58571,16
1038,58554,1,58553,12,58552,27,58563,1,58564,12,58565,27
1039,58558,1,58557,16,58556,16,58567,1,58568,16,58569,16
1040,58571,4,58566,7,58562,2,58572,15,58573,26,,
1041,58568,1,58567,19,58566,23,58577,1,58578,19,58579,23
1042,58569,43,,,,,58580,14,58581,29,,
1043,58570,9,58569,23,,,58581,17,58582,23,,
1044,58574,16,58573,20,,,58585,16,58586,20,,
1045,58578,2,58577,16,58576,25,58587,2,58588,16,58589,25
1046,58577,2,58576,16,58575,15,58586,2,58587,16,58588,15
1047,58578,13,58577,15,,,58589,13,58590,15,,
1048,58580,2,58579,12,58578,20,58589,2,58590,12,58591,20
1049,58576,1,58575,10,58574,15,58585,1,58586,10,58587,15
1050,58572,2,58571,18,58570,30,58581,2,58582,18,58583,30
1051,58573,12,58572,25,,,58584,12,58585,25,,
1052,58572,1,58571,12,58570,21,58581,1,58582,12,58583,21
1053,58562,2,58561,10,58560,29,58571,2,58572,10,58573,29
1054,58559,2,58558,12,58557,28,58563,2,58568,2,58569,12
1055,58558,1,58557,12,58556,27,58567,1,58568,12,58569,27
1056,58553,13,58552,26,,,58564,13,58565,26,,
1057,58548,13,58547,18,,,58559,13,58560,18,,
1058,58546,20,58545,15,,,58557,20,58558,15,,
1059,58545,1,58544,16,58543,15,58554,1,58555,16,58556,15
1060,58545,2,58544,16,58543,30,58554,2,58555,16,58556,30
1061,58548,1,58547,11,58546,30,58557,1,58558,11,58559,30
1062,58542,1,58541,14,58540,28,58551,1,58552,42,,
1063,58540,1,58539,18,58538,26,58549,1,58550,18,58551,26
1064,58534,41,,,,,58545,17,58546,24,,
1065,58533,1,58532,37,,,58542,1,58543,16,58544,21
1066,58530,13,58529,21,,,58541,13,58542,21,,
1067,58526,2,58525,36,,,58536,22,58537,16,,
1068,58526,1,58525,13,58524,19,58535,1,58536,13,58537,19
1069,58534,2,58533,12,58532,18,58543,2,58544,12,58545,18
1070,58537,1,58536,12,58535,16,58546,1,58547,28,,
1071,58543,19,58542,22,,,58554,41,,,,
1072,58548,2,58547,16,58546,29,58557,2,58558,16,58559,29
1073,58555,2,58554,16,58553,30,58564,2,58565,16,58566,30
1074,58555,16,58554,24,,,58566,40,,,,
1075,58560,2,58559,13,58558,25,58569,2,58570,13,58571,25
1076,58558,2,58557,15,58556,15,58567,2,58568,15,58569,15
1077,58553,10,58552,17,,,58564,10,58565,17,,
1078,58551,2,58550,11,58549,24,58560,2,58561,11,58562,24
1079,58550,14,58549,30,,,58560,14,58561,30,,
1080,58550,2,58549,14,58548,29,58559,2,58560,14,58561,29
1081,58544,19,58543,25,,,58555,19,58556,25,,
1082,58549,4,58545,1,58544,17,58554,1,58555,17,58556,22
1083,58543,11,58542,26,,,58554,37,,,,
1084,58541,29,,,,,58552,14,58553,15,,
1085,58542,1,58541,14,58540,25,58551,1,58552,14,58553,25
1086,58533,12,58532,28,,,58544,12,58545,28,,
1087,58538,20,58537,19,,,58548,2,58549,37,,
1088,58535,13,58534,16,,,58546,13,58547,16,,
1089,58533,19,58532,20,,,58544,19,58545,20,,
1090,58530,48,,,,,58541,19,58542,29,,
1091,58532,18,58531,22,,,58542,18,58543,22,,
1092,58528,1,58527,33,,,58538,13,58539,21,,
1093,58530,2,58529,38,,,58540,14,58541,26,,
1094,58539,1,58538,18,58537,22,58548,1,58549,18,58550,22
1095,58538,14,58537,28,,,58543,1,58549,14,58550,28
1096,58540,1,58539,20,58538,16,58549,1,58550,20,58551,16
1097,58542,1,58541,29,,,58552,11,58553,19,,
1098,58550,10,58549,20,,,58561,10,58562,20,,
1099,58550,15,58549,24,,,58555,7,58561,15,58562,24
1100,58562,6,58553,1,58552,19,58563,19,58564,22,,
1101,58560,2,58559,18,58558,27,58569,2,58570,18,58571,27
1102,58556,2,58555,17,58554,22,58565,2,58566,17,58567,22
1103,58552,2,58551,17,58550,18,58561,2,58562,17,58563,18
1104,58551,2,58550,28,,,58561,15,58562,15,,
1105,58558,2,58557,16,58556,29,58567,2,58568,16,58569,29
1106,58553,14,58552,19,,,58563,2,58564,31,,
1107,58553,17,58552,25,,,58563,17,58564,25,,
1108,58553,2,58552,10,58551,29,58562,2,58563,10,58564,29
1109,58552,1,58551,20,58550,19,58561,1,58562,20,58563,19
1110,58551,1,58550,13,58549,29,58560,1,58561,13,58562,29
1111,58556,5,58551,13,58550,20,58561,1,58562,32,,
1112,58556,1,58555,25,,,58565,1,58566,10,58567,15
1113,58553,1,58552,38,,,58563,11,58564,28,,
1114,58553,2,58552,18,58551,22,58562,2,58563,18,58564,22
1115,58544,20,58543,27,,,58555,20,58556,27,,
1116,58546,10,58545,22,,,58557,10,58558,22,,
1117,58553,2,58552,10,58551,16,58562,2,58563,10,58564,16
1118,58556,2,58555,19,58554,18,58565,2,58566,19,58567,18
1119,58552,2,58551,35,,,58562,16,58563,21,,
1120,58547,2,58546,17,58545,24,58556,2,58557,17,58558,24
1121,58542,1,58541,13,58540,17,58551,1,58552,13,58553,17
1122,58545,1,58544,10,58543,30,58554,1,58555,10,58556,30
1123,58542,16,58541,17,,,58552,16,58553,17,,
1124,58543,14,58542,19,,,58548,5,58554,14,58555,19
1125,58538,1,58537,20,58536,20,58542,2,58547,1,58548,20
1126,58531,10,58530,16,,,58542,26,,,,
1127,58530,1,58529,15,58528,25,58539,1,58540,15,58541,25
1128,58527,13,58526,21,,,58537,2,58538,32,,
1129,58532,1,58531,10,58530,15,58541,1,58542,10,58543,15
1130,58529,1,58528,14,58527,16,58538,1,58539,14,58540,16
1131,58531,16,58530,20,,,58542,16,58543,20,,
1132,58523,10,58522,27,,,58534,10,58535,27,,
1133,58525,1,58524,36,,,58535,19,58536,18,,
1134,58526,15,58525,22,,,58537,15,58538,22,,
1135,58530,2,58529,39,,,58540,14,58541,27,,
1136,58529,1,58528,16,58527,23,58538,1,58539,16,58540,23
1137,58520,2,58519,15,58518,27,58529,2,58530,15,58531,27
1138,58516,1,58515,33,,,58526,14,58527,20,,
1139,58505,1,58504,12,58503,16,58514,1,58515,12,58516,16
1140,58503,1,58502,18,58501,22,58512,1,58513,18,58514,22
1141,58507,2,58506,32,,,58516,2,58517,10,58518,22
1142,58506,19,58505,22,,,58517,19,58518,22,,
1143,58502,2,58501,13,58500,26,58511,2,58512,13,58513,26
1144,58502,15,58501,17,,,58513,15,58514,17,,
1145,58508,1,58507,17,58506,18,58517,1,58518,17,58519,18
1146,58502,35,,,,,58513,12,58514,23,,
1147,58504,18,58503,20,,,58514,18,58515,20,,
1148,58503,18,58502,18,,,58508,7,58514,18,58515,18
1149,58503,1,58502,17,58501,26,58512,1,58513,17,58514,26
1150,58509,1,58508,16,58507,22,58513,3,58518,1,58519,16
1151,58510,11,58509,24,,,58521,14,58522,24,,
1152,58506,21,58505,26,,,58516,21,58517,26,,
1153,58505,13,58504,19,,,58516,13,58517,19,,
1154,58513,1,58512,14,58511,25,58522,1,58523,14,58524,25
1155,58513,2,58512,10,58511,22,58522,2,58523,10,58524,22
1156,58511,1,58510,16,58509,17,58520,1,58521,16,58522,17
1157,58507,16,58506,18,,,58512,2,58518,16,58519,18
1158,58506,18,58505,18,,,58516,2,58517,34,,
1159,58518,2,58517,19,58516,26,58527,2,58528,19,58529,26
1160,58521,1,58516,17,58515,30,58527,17,58528,30,,
1161,58516,16,58515,17,,,58527,16,58528,17,,
1162,58521,1,58516,18,58515,16,58527,18,58528,16,,
1163,58521,17,58520,29,,,58532,17,58533,29,,
1164,58519,1,58518,36,,,58529,12,58530,25,,
1165,58520,21,58519,17,,,58530,21,58531,17,,
1166,58525,2,58524,15,58523,24,58534,2,58535,15,58536,24
1167,58526,16,58525,26,,,58537,16,58538,26,,
1168,58526,2,58525,14,58524,29,58535,2,58536,14,58537,29
1169,58527,12,58526,18,,,58537,12,58538,18,,
1170,58518,17,58517,20,,,58528,2,58529,35,,
1171,58521,2,58520,11,58519,21,58530,2,58531,11,58532,21
1172,58512,1,58511,37,,,58521,1,58522,19,58523,18
1173,58509,17,58508,18,,,58514,2,58520,17,58521,18
1174,58508,1,58507,46,,,58517,1,58518,20,58519,26
1175,58506,20,58505,24,,,58516,2,58517,42,,
1176,58508,2,58507,15,58506,27,58517,2,58518,15,58519,27
1177,58513,1,58512,17,58511,18,58522,1,58523,35,,
1178,58514,1,58513,14,58512,16,58523,1,58524,14,58525,16
1179,58511,2,58510,16,58509,30,58520,2,58521,16,58522,30
1180,58510,12,58509,28,,,58520,1,58521,39,,
1181,58508,18,58507,16,,,58519,18,58520,16,,
1182,58511,1,58510,18,58509,16,58520,1,58521,18,58522,16
1183,58509,12,58508,21,,,58520,12,58521,21,,
1184,58506,15,58505,30,,,58517,15,58518,30,,
1185,58511,21,58510,17,,,58521,21,58522,17,,
1186,58504,36,,,,,58515,12,58516,24,,
1187,58502,2,58501,40,,,58511,2,58512,11,58513,29
1188,58498,13,58497,22,,,58509,13,58510,22,,
1189,58497,16,58496,29,,,58508,16,58509,29,,
1190,58501,1,58500,14,58499,19,58510,1,58511,14,58512,19
1191,58509,17,58508,22,,,58520,17,58521,22,,
1192,58508,2,58507,17,58506,20,58517,2,58518,17,58519,20
1193,58509,17,58508,17,,,58520,34,,,,
1194,58512,2,58511,18,58510,29,58521,2,58522,18,58523,29
1195,58508,1,58507,17,58506,26,58517,1,58518,17,58519,26
1196,58511,1,58510,13,58509,24,58520,1,58521,13,58522,24
1197,58510,20,58509,15,,,58520,20,58521,15,,
1198,58515,1,58514,14,58513,19,58519,5,58524,1,58525,14
1199,58522,6,58518,1,58517,43,58528,21,58529,23,,
1200,58525,1,58524,14,58523,26,58534,1,58535,40,,
1201,58529,3,58524,16,58523,25,58535,16,58536,25,,
1202,58524,1,58523,20,58522,26,58533,1,58534,20,58535,26
1203,58526,2,58525,20,58524,17,58535,2,58536,20,58537,17
1204,58526,10,58525,26,,,58537,10,58538,26,,
1205,58524,1,58523,11,58522,30,58533,1,58534,11,58535,30
1206,58534,1,58533,14,58532,18,58543,1,58544,14,58545,18
1207,58533,1,58532,13,58531,21,58542,1,58543,34,,
1208,58538,38,,,,,58549,17,58550,21,,
1209,58549,17,58548,21,,,58560,17,58561,21,,
1210,58549,15,58548,27,,,58560,15,58561,27,,
1211,58559,1,58558,30,,,58568,1,58569,13,58570,17
1212,58559,18,58558,26,,,58570,18,58571,26,,
1213,58556,10,58555,24,,,58566,2,58567,13,58568,24
1214,58557,1,58556,43,,,58561,6,58567,21,58568,23
1215,58561,1,58560,30,,,58570,1,58571,11,58572,19
1216,58552,10,58551,29,,,58563,10,58564,29,,
1217,58547,2,58546,18,58545,19,58556,2,58557,18,58558,19
1218,58544,10,58543,17,,,58555,10,58556,17,,
1219,58539,2,58538,27,,,58549,13,58550,16,,
1220,58546,1,58545,12,58544,27,58555,1,58556,12,58557,27
1221,58546,14,58545,30,,,58557,44,,,,
1222,58549,1,58548,10,58547,28,58558,1,58559,10,58560,28
1223,58550,32,,,,,58561,10,58562,22,,
1224,58545,14,58544,29,,,58556,14,58557,29,,
1225,58550,14,58549,23,,,58561,37,,,,
1226,58547,13,58546,15,,,58558,13,58559,15,,
1227,58542,2,58541,11,58540,20,58551,2,58552,11,58553,20
1228,58539,26,,,,,58550,10,58551,16,,
1229,58539,31,,,,,58550,11,58551,20,,
1230,58539,1,58538,14,58537,17,58543,7,58548,1,58549,14
1231,58543,2,58542,13,58541,25,58552,2,58553,13,58554,25
1232,58544,1,58543,39,,,58554,19,58555,21,,
1233,58547,14,58546,24,,,58558,14,58559,24,,
1234,58545,2,58544,20,58543,16,58554,2,58555,20,58556,16
1235,58547,15,58546,27,,,58557,15,58558,27,,
1236,58547,31,,,,,58558,10,58559,21,,
1237,58550,2,58549,33,,,58559,2,58560,13,58561,20
1238,58553,1,58552,16,58551,22,58562,1,58563,16,58564,22
1239,58547,1,58546,20,58545,26,58556,1,58557,46,,
1240,58552,15,58551,24,,,58562,2,58563,37,,
1241,58554,13,58553,17,,,58565,13,58566,17,,
1242,58554,16,58553,15,,,58565,16,58566,15,,
1243,58551,14,58550,20,,,58562,14,58563,20,,
1244,58555,43,,,,,58556,7,58566,21,58567,23
1245,58556,2,58555,17,58554,28,58565,2,58566,17,58567,28
1246,58557,2,58556,16,58555,21,58566,2,58567,16,58568,21
1247,58550,2,58549,15,58548,27,58559,2,58560,15,58561,27
1248,58550,18,58549,30,,,58561,48,,,,
1249,58546,15,58545,17,,,58557,15,58558,17,,
1250,58544,2,58543,12,58542,28,58553,2,58554,12,58555,28
1251,58545,2,58544,16,58543,20,58554,2,58555,16,58556,20
1252,58548,2,58547,14,58546,22,58557,2,58558,14,58559,22
1253,58552,45,,,,,58563,18,58564,27,,
1254,58557,2,58556,10,58555,21,58566,2,58567,10,58568,21
1255,58557,19,58556,18,,,58567,19,58568,18,,
1256,58556,1,58555,12,58554,19,58565,1,58566,12,58567,19
1257,58552,42,,,,,58563,15,58564,27,,
1258,58563,14,58562,30,,,58574,14,58575,30,,
1259,58565,2,58564,18,58563,19,58574,2,58575,18,58576,19
1260,58566,1,58565,18,58564,26,58570,7,58575,1,58576,18
1261,58574,19,58573,24,,,58585,19,58586,24,,
1262,58576,2,58575,12,58574,24,58585,2,58586,12,58587,24
1263,58568,2,58567,16,58566,25,58577,2,58578,16,58579,25
1264,58571,1,58570,14,58569,22,58580,1,58581,14,58582,22
1265,58567,1,58566,43,,,58577,21,58578,23,,
1266,58558,44,,,,,58569,16,58570,28,,
1267,58558,19,58557,28,,,58569,19,58570,28,,
1268,58565,1,58564,11,58563,28,58574,1,58575,11,58576,28
1269,58558,12,58557,27,,,58568,1,58569,38,,
1270,58562,2,58561,12,58560,30,58571,2,58572,12,58573,30
1271,58560,20,58559,30,,,58570,2,58571,48,,
1272,58563,1,58562,20,58561,27,58572,1,58573,47,,
1273,58563,12,58562,15,,,58574,12,58575,15,,
1274,58565,16,58564,19,,,58576,16,58577,19,,
1275,58568,16,58567,16,,,58573,1,58578,2,58579,30
1276,58570,19,58569,24,,,58580,2,58581,41,,
1277,58571,1,58570,17,58569,18,58580,1,58581,17,58582,18
1278,58570,13,58569,16,,,58580,13,58581,16,,
1279,58576,12,58575,20,,,58586,1,58587,31,,
1280,58584,1,58583,19,58582,26,58593,1,58594,45,,
1281,58594,1,58593,17,58592,19,58603,1,58604,17,58605,19
1282,58589,18,58588,19,,,58600,37,,,,
1283,58588,13,58587,20,,,58599,13,58600,20,,
1284,58594,1,58593,17,58592,17,58603,1,58604,17,58605,17
1285,58593,15,58592,30,,,58604,45,,,,
1286,58588,2,58587,18,58586,22,58597,2,58598,18,58599,22
1287,58582,18,58581,17,,,58586,6,58592,18,58593,17
1288,58582,13,58581,29,,,58593,13,58594,29,,
1289,58583,2,58582,11,58581,21,58592,2,58593,11,58594,21
1290,58579,2,58578,12,58577,18,58588,2,58589,12,58590,18
1291,58582,1,58581,15,58580,30,58591,1,58592,15,58593,30
1292,58575,2,58574,17,58573,29,58584,2,58585,17,58586,29
1293,58569,1,58568,10,58567,19,58578,1,58579,10,58580,19
1294,58564,1,58563,14,58562,17,58573,1,58574,14,58575,17
1295,58561,2,58560,10,58559,30,58570,2,58571,10,58572,30
1296,58559,17,58558,22,,,58570,17,58571,22,,
1297,58557,10,58556,30,,,58568,10,58569,30,,
1298,58565,2,58564,19,58563,23,58574,2,58575,19,58576,23
1299,58565,2,58564,15,58563,28,58574,2,58575,15,58576,28
1300,58568,20,58567,21,,,58579,20,58580,21,,
1301,58563,15,58562,27,,,58574,15,58575,27,,
1302,58560,18,58559,18,,,58570,1,58571,35,,
1303,58560,2,58559,18,58558,26,58569,2,58570,18,58571,26
1304,58560,1,58559,17,58558,23,58569,1,58570,17,58571,23
1305,58562,2,58561,20,58560,23,58571,2,58572,20,58573,23
1306,58563,1,58562,11,58561,16,58572,1,58573,11,58574,16
1307,58563,2,58562,14,58561,29,58567,3,58572,2,58573,14
1308,58558,10,58557,23,,,58569,10,58570,23,,
1309,58562,32,,,,,58573,12,58574,20,,
1310,58561,31,,,,,58572,14,58573,17,,
1311,58566,43,,,,,58577,20,58578,23,,
1312,58560,2,58559,13,58558,24,58569,2,58570,13,58571,24
1313,58563,13,58562,17,,,58574,13,58575,17,,
1314,58569,2,58568,13,58567,29,58578,2,58579,13,58580,29
1315,58568,2,58567,12,58566,21,58577,2,58578,12,58579,21
1316,58572,18,58571,20,,,58583,18,58584,20,,
1317,58568,1,58567,46,,,58577,1,58578,17,58579,29
1318,58571,1,58570,11,58569,23,58580,1,58581,11,58582,23
1319,58569,2,58568,11,58567,28,58578,2,58579,11,58580,28
1320,58564,1,58563,14,58562,20,58573,1,58574,14,58575,20
1321,58566,12,58565,30,,,58577,12,58578,30,,
1322,58564,2,58563,29,,,58574,13,58575,18,,
1323,58561,2,58560,16,58559,30,58570,2,58571,16,58572,30
1324,58557,15,58556,18,,,58562,2,58568,15,58569,18
1325,58558,2,58557,10,58556,29,58567,2,58568,10,58569,29
1326,58559,19,58558,20,,,58570,19,58571,20,,
1327,58563,1,58562,19,58561,17,58572,1,58573,36,,
1328,58565,1,58564,19,58563,28,58574,1,58575,19,58576,28
1329,58564,18,58563,21,,,58575,18,58576,21,,
1330,58568,12,58567,25,,,58579,12,58580,25,,
1331,58571,15,58570,18,,,58581,1,58582,32,,
1332,58577,2,58576,14,58575,26,58586,2,58587,14,58588,26
1333,58577,4,58573,1,58572,19,58582,1,58583,19,58584,29
1334,58571,2,58570,11,58569,26,58580,2,58581,11,58582,26
1335,58564,2,58563,20,58562,22,58573,2,58574,42,,
1336,58563,1,58562,18,58561,18,58572,1,58573,18,58574,18
1337,58559,10,58558,18,,,58570,10,58571,18,,
1338,58560,1,58559,17,58558,30,58569,1,58570,17,58571,30
1339,58558,1,58557,14,58556,18,58567,1,58568,14,58569,18
1340,58559,2,58558,17,58557,27,58568,2,58569,17,58570,27
1341,58558,1,58557,18,58556,25,58567,1,58568,18,58569,25
1342,58552,19,58551,15,,,58562,19,58563,15,,
1343,58557,2,58556,18,58555,28,58566,2,58567,18,58568,28
1344,58555,1,58551,1,58550,14,58560,1,58561,14,58562,16
1345,58545,19,58544,19,,,58556,19,58557,19,,
1346,58542,10,58541,17,,,58553,10,58554,17,,
1347,58542,14,58541,18,,,58552,14,58553,18,,
1348,58543,1,58542,18,58541,22,58552,1,58553,18,58554,22
1349,58541,1,58540,10,58539,18,58550,1,58551,10,58552,18
1350,58547,1,58546,10,58545,15,58556,1,58557,10,58558,15
1351,58544,22,58543,26,,,58554,2,58555,46,,
1352,58548,4,58544,1,58543,14,58553,1,58554,14,58555,15
1353,58543,11,58542,28,,,58554,11,58555,28,,
1354,58543,2,58542,19,58541,23,58552,2,58553,19,58554,23
1355,58540,16,58539,26,,,58551,42,,,,
1356,58540,12,58539,16,,,58550,1,58551,27,,
1357,58533,15,58532,30,,,58544,15,58545,30,,
1358,58535,2,58534,11,58533,24,58544,2,58545,11,58546,24
1359,58534,2,58533,18,58532,25,58543,2,58544,43,,
1360,58533,1,58532,16,58531,16,58542,1,58543,16,58544,16
1361,58531,19,58530,20,,,58542,19,58543,20,,
1362,58534,17,58533,26,,,58544,17,58545,26,,
1363,58538,19,58537,22,,,58548,1,58549,40,,
1364,58542,2,58541,14,58540,19,58551,2,58552,14,58553,19
1365,58542,2,58541,15,58540,23,58551,2,58552,38,,
1366,58541,2,58540,18,58539,29,58550,2,58551,18,58552,29
1367,58545,1,58544,19,58543,25,58554,1,58555,19,58556,25
1368,58543,2,58542,14,58541,23,58552,2,58553,14,58554,23
1369,58541,42,,,,,58546,5,58552,20,58553,22
1370,58541,2,58540,19,58539,20,58550,2,58551,19,58552,20
1371,58546,2,58545,19,58544,23,58555,2,58556,19,58557,23
1372,58546,1,58545,18,58544,28,58555,1,58556,18,58557,28
1373,58545,1,58544,20,58543,24,58554,1,58555,20,58556,24
1374,58547,19,58546,20,,,58557,2,58558,37,,
1375,58550,2,58549,11,58548,26,58559,2,58560,11,58561,26
1376,58551,16,58550,26,,,58561,2,58562,40,,
1377,58555,1,58554,18,58553,17,58564,1,58565,18,58566,17
1378,58553,1,58552,16,58551,24,58562,1,58563,16,58564,24
1379,58549,2,58548,15,58547,17,58558,2,58559,15,58560,17
1380,58547,1,58546,13,58545,15,58556,1,58557,13,58558,15
1381,58542,1,58541,10,58540,20,58551,1,58552,10,58553,20
1382,58537,2,58536,16,58535,24,58546,2,58547,16,58548,24
1383,58534,10,58533,20,,,58545,10,58546,20,,
1384,58532,20,58531,22,,,58543,42,,,,
1385,58533,1,58532,39,,,58542,1,58543,15,58544,24
1386,58530,17,58529,25,,,58540,1,58541,41,,
1387,58524,1,58523,38,,,58534,12,58535,27,,
1388,58519,18,58518,15,,,58530,33,,,,
1389,58517,5,58512,18,58511,15,58523,18,58524,15,,
1390,58520,3,58516,1,58515,18,58525,1,58526,18,58527,23
1391,58515,2,58514,11,58513,15,58524,2,58525,26,,
1392,58523,1,58519,2,58518,19,58528,2,58529,19,58530,27
1393,58516,1,58515,17,58514,19,58525,1,58526,17,58527,19
1394,58518,1,58517,14,58516,17,58522,3,58527,1,58528,14
1395,58516,2,58515,20,58514,18,58525,2,58526,20,58527,18
1396,58510,10,58509,22,,,58521,10,58522,22,,
1397,58519,11,58518,18,,,58524,4,58530,11,58531,18
1398,58518,2,58517,11,58516,20,58527,2,58528,11,58529,20
1399,58532,3,58527,22,58526,27,58537,2,58538,47,,
1400,58521,1,58520,13,58519,27,58530,1,58531,13,58532,27
1401,58522,10,58521,28,,,58533,10,58534,28,,
1402,58527,2,58526,19,58525,28,58536,2,58537,47,,
1403,58530,1,58529,17,58528,21,58539,1,58540,17,58541,21
1404,58526,5,58521,10,58520,19,58532,10,58533,19,,
1405,58523,1,58522,14,58521,27,58532,1,58533,14,58534,27
1406,58527,1,58526,18,58525,22,58536,1,58537,18,58538,22
1407,58526,1,58525,14,58524,26,58535,1,58536,14,58537,26
1408,58525,14,58524,15,,,58535,2,58536,27,,
1409,58530,1,58529,13,58528,19,58539,1,58540,13,58541,19
1410,58533,2,58532,12,58531,26,58542,2,58543,12,58544,26
1411,58532,1,58531,13,58530,26,58541,1,58542,13,58543,26
1412,58533,6,58528,18,58527,23,58539,18,58540,23,,
1413,58531,15,58530,27,,,58541,2,58542,40,,
1414,58536,1,58535,11,58534,24,58545,1,58546,11,58547,24
1415,58535,16,58534,17,,,58546,16,58547,17,,
1416,58542,2,58541,15,58540,18,58551,2,58552,15,58553,18
1417,58543,2,58542,15,58541,27,58552,2,58553,15,58554,27
1418,58543,16,58542,16,,,58548,4,58553,1,58554,31
1419,58551,2,58550,15,58549,24,58560,2,58561,15,58562,24
1420,58542,19,58541,23,,,58553,19,58554,23,,
1421,58540,14,58539,22,,,58551,14,58552,22,,
1422,58542,1,58541,14,58540,23,58551,1,58552,14,58553,23
1423,58537,1,58536,20,58535,27,58546,1,58547,20,58548,27
1424,58536,20,58535,19,,,58547,39,,,,
1425,58537,18,58536,26,,,58547,18,58548,26,,
1426,58540,1,58539,43,,,58549,1,58550,20,58551,23
1427,58541,1,58540,15,58539,27,58550,1,58551,15,58552,27
1428,58537,2,58536,11,58535,29,58546,2,58547,11,58548,29
1429,58539,15,58538,22,,,58549,2,58550,35,,
1430,58537,16,58536,23,,,58548,16,58549,23,,
1431,58544,1,58539,15,58538,22,58550,15,58551,22,,
1432,58537,17,58536,24,,,58547,17,58548,24,,
1433,58534,12,58533,29,,,58539,5,58545,12,58546,29
1434,58532,1,58531,10,58530,28,58541,1,58542,10,58543,28
1435,58533,1,58532,13,58531,20,58542,1,58543,13,58544,20
1436,58535,2,58534,20,58533,23,58539,6,58544,2,58545,20
1437,58534,2,58533,18,58532,25,58543,2,58544,18,58545,25
1438,58539,15,58538,15,,,58550,15,58551,15,,
1439,58542,2,58541,11,58540,19,58551,2,58552,11,58553,19
1440,58545,2,58544,13,58543,22,58554,2,58555,13,58556,22
1441,58547,1,58546,11,58545,18,58556,1,58557,11,58558,18
1442,58553,16,58552,15,,,58564,31,,,,
1443,58551,17,58550,22,,,58562,17,58563,22,,
1444,58551,14,58550,22,,,58562,14,58563,22,,
1445,58555,2,58554,16,58553,30,58564,2,58565,16,58566,30
1446,58550,35,,,,,58561,11,58562,24,,
1447,58554,1,58553,16,58552,26,58563,1,58564,42,,
1448,58549,1,58548,18,58547,26,58558,1,58559,18,58560,26
1449,58556,11,58555,27,,,58566,1,58567,37,,
1450,58559,8,58554,16,58553,20,58565,16,58566,20,,
1451,58542,1,58541,13,58540,26,58551,1,58552,13,58553,26
1452,58540,2,58539,14,58538,17,58549,2,58550,14,58551,17
1453,58544,20,58543,28,,,58549,2,58555,20,58556,28
1454,58541,2,58540,15,58539,17,58550,2,58551,15,58552,17
1455,58543,19,58542,20,,,58554,19,58555,20,,
1456,58542,2,58541,10,58540,19,58551,2,58552,10,58553,19
1457,58540,16,58539,18,,,58551,16,58552,18,,
1458,58542,11,58541,21,,,58553,11,58554,21,,
1459,58551,1,58550,19,58549,28,58555,4,58560,1,58561,19
1460,58555,15,58554,15,,,58566,15,58567,15,,
1461,58555,14,58554,28,,,58565,14,58566,28,,
1462,58553,2,58552,50,,,58562,2,58563,20,58564,30
1463,58549,2,58548,13,58547,15,58558,2,58559,13,58560,15
1464,58550,1,58549,34,,,58560,14,58561,21,,
1465,58551,17,58550,16,,,58561,17,58562,16,,
1466,58553,2,58552,16,58551,29,58557,2,58562,2,58563,16
1467,58556,18,58555,27,,,58566,1,58567,44,,
1468,58554,17,58553,16,,,58565,17,58566,16,,
1469,58553,2,58552,42,,,58563,18,58564,26,,
1470,58556,2,58555,15,58554,21,58565,2,58566,15,58567,21
1471,58557,10,58556,30,,,58568,10,58569,30,,
1472,58563,40,,,,,58574,17,58575,23,,
1473,58559,2,58558,13,58557,20,58568,2,58569,13,58570,20
1474,58561,12,58560,30,,,58572,12,58573,30,,
1475,58563,17,58562,29,,,58574,17,58575,29,,
1476,58569,1,58568,12,58567,21,58578,1,58579,12,58580,21
1477,58566,19,58565,23,,,58577,19,58578,23,,
1478,58568,4,58564,2,58563,14,58573,2,58574,29,,
1479,58564,1,58563,38,,,58574,16,58575,23,,
1480,58568,2,58567,13,58566,22,58577,2,58578,13,58579,22
1481,58566,18,58565,18,,,58577,18,58578,18,,
1482,58565,1,58564,10,58563,28,58574,1,58575,10,58576,28
1483,58568,16,58567,25,,,58579,16,58580,25,,
1484,58569,2,58568,32,,,58579,14,58580,20,,
1485,58569,1,58568,15,58567,26,58578,1,58579,15,58580,26
1486,58574,1,58573,17,58572,29,58583,1,58584,17,58585,29
1487,58580,11,58579,19,,,58590,11,58591,19,,
1488,58580,1,58579,12,58578,16,58589,1,58590,12,58591,16
1489,58583,17,58582,17,,,58594,17,58595,17,,
1490,58599,12,58598,17,,,58610,12,58611,17,,
1491,58608,2,58607,20,58606,27,58617,2,58618,20,58619,27
1492,58599,40,,,,,58610,19,58611,21,,
1493,58607,18,58606,26,,,58617,2,58618,42,,
1494,58613,11,58612,17,,,58623,11,58624,17,,
1495,58611,11,58610,17,,,58622,11,58623,17,,
1496,58616,1,58615,15,58614,26,58625,1,58626,15,58627,26
1497,58620,14,58619,28,,,58631,14,58632,28,,
1498,58625,1,58624,12,58623,23,58634,1,58635,12,58636,23
1499,58626,37,,,,,58637,18,58638,19,,
1500,58629,17,58628,23,,,58640,17,58641,23,,
1501,58641,1,58640,11,58639,22,58645,7,58650,1,58651,11
1502,58642,10,58641,16,,,58653,10,58654,16,,
1503,58639,17,58638,19,,,58650,17,58651,19,,
1504,58635,2,58634,16,58633,27,58644,2,58645,16,58646,27
1505,58642,2,58641,15,58640,18,58651,2,58652,15,58653,18
1506,58645,1,58644,20,58643,17,58654,1,58655,20,58656,17
1507,58642,1,58641,17,58640,22,58651,1,58652,17,58653,22
1508,58637,45,,,,,58648,17,58649,28,,
1509,58636,15,58635,29,,,58646,2,58647,42,,
1510,58636,1,58635,16,58634,23,58645,1,58646,16,58647,23
1511,58630,12,58629,15,,,58641,12,58642,15,,
1512,58638,2,58637,12,58636,30,58647,2,58648,12,58649,30
1513,58636,2,58635,17,58634,23,58640,1,58645,2,58646,17
1514,58635,1,58634,15,58633,18,58644,1,58645,15,58646,18
1515,58640,2,58639,11,58638,28,58649,2,58650,11,58651,28
1516,58640,2,58639,15,58638,24,58649,2,58650,15,58651,24
1517,58637,15,58636,22,,,58648,15,58649,22,,
1518,58635,12,58634,19,,,58646,31,,,,
1519,58632,20,58631,15,,,58643,20,58644,15,,
1520,58634,1,58633,16,58632,20,58643,1,58644,16,58645,20
1521,58641,1,58636,15,58635,17,58647,32,,,,
1522,58626,1,58625,33,,,58636,15,58637,19,,
1523,58630,21,58629,16,,,58640,21,58641,16,,
1524,58629,18,58628,22,,,58640,18,58641,22,,
1525,58630,12,58629,26,,,58635,2,58641,38,,
1526,58629,1,58628,11,58627,23,58638,1,58639,11,58640,23
1527,58629,2,58628,11,58627,17,58638,2,58639,11,58640,17
1528,58625,2,58624,17,58623,16,58634,2,58635,17,58636,16
1529,58622,1,58621,10,58620,27,58631,1,58632,10,58633,27
1530,58620,2,58619,13,58618,18,58629,2,58630,13,58631,18
1531,58621,18,58620,19,,,58632,18,58633,19,,
1532,58620,1,58619,29,,,58624,6,58630,11,58631,19
1533,58615,12,58614,21,,,58625,1,58626,32,,
1534,58616,2,58615,13,58614,26,58625,2,58626,13,58627,26
1535,58620,1,58619,18,58618,25,58629,1,58630,18,58631,25
1536,58622,1,58621,37,,,58631,1,58632,12,58633,25
1537,58625,1,58624,31,,,58634,1,58635,10,58636,21
1538,58627,1,58626,18,58625,30,58636,1,58637,18,58638,30
1539,58630,7,58629,26,,,58641,41,,,,
1540,58631,1,58630,13,58629,17,58640,1,58641,13,58642,17
1541,58627,17,58626,24,,,58638,17,58639,24,,
1542,58629,2,58628,17,58627,22,58638,2,58639,17,58640,22
1543,58628,2,58627,13,58626,26,58637,2,58638,13,58639,26
1544,58622,20,58621,27,,,58627,2,58633,20,58634,27
1545,58622,3,58618,1,58617,18,58627,1,58628,18,58629,18
1546,58624,1,58623,18,58622,28,58633,1,58634,18,58635,28
1547,58625,2,58624,11,58623,27,58634,2,58635,11,58636,27
1548,58622,17,58621,22,,,58632,2,58633,37,,
1549,58622,1,58621,10,58620,26,58631,1,58632,10,58633,26
1550,58623,15,58622,26,,,58628,4,58633,2,58634,39
1551,58630,13,58629,17,,,58641,13,58642,17,,
1552,58633,17,58632,22,,,58644,17,58645,22,,
1553,58628,17,58627,24,,,58639,17,58640,24,,
1554,58630,2,58629,11,58628,21,58639,2,58640,11,58641,21
1555,58629,10,58628,20,,,58640,30,,,,
1556,58634,18,58633,26,,,58645,18,58646,26,,
1557,58629,28,,,,,58640,10,58641,18,,
1558,58629,19,58628,25,,,58640,19,58641,25,,
1559,58628,2,58627,12,58626,26,58637,2,58638,12,58639,26
1560,58619,2,58618,14,58617,29,58628,2,58629,14,58630,29
1561,58615,2,58614,15,58613,20,58624,2,58625,15,58626,20
1562,58614,2,58613,20,58612,21,58623,2,58624,41,,
1563,58615,11,58614,20,,,58626,31,,,,
1564,58619,1,58618,44,,,58628,1,58629,16,58630,28
1565,58618,1,58617,26,,,58627,1,58628,11,58629,15
1566,58617,12,58616,25,,,58628,12,58629,25,,
1567,58616,10,58615,24,,,58627,10,58628,24,,
1568,58615,1,58614,19,58613,25,58624,1,58625,19,58626,25
1569,58614,20,58613,19,,,58625,20,58626,19,,
1570,58616,2,58615,10,58614,30,58625,2,58626,10,58627,30
1571,58612,13,58611,16,,,58623,29,,,,
1572,58607,40,,,,,58618,10,58619,30,,
1573,58609,12,58608,17,,,58620,12,58621,17,,
1574,58612,1,58611,12,58610,21,58621,1,58622,12,58623,21
1575,58618,3,58614,1,58613,14,58623,1,58624,14,58625,17
1576,58615,1,58614,14,58613,20,58624,1,58625,14,58626,20
1577,58614,1,58613,16,58612,26,58623,1,58624,16,58625,26
1578,58613,20,58612,19,,,58623,2,58624,37,,
1579,58609,19,58608,16,,,58620,19,58621,16,,
1580,58611,2,58610,20,58609,21,58620,2,58621,20,58622,21
1581,58615,1,58611,2,58610,14,58620,2,58621,14,58622,29
1582,58611,19,58610,28,,,58622,19,58623,28,,
1583,58613,1,58612,11,58611,16,58622,1,58623,11,58624,16
1584,58612,16,58611,30,,,58622,1,58623,45,,
1585,58601,22,58600,16,,,58611,2,58612,36,,
1586,58613,1,58612,18,58611,29,58617,2,58622,1,58623,18
1587,58610,2,58609,20,58608,15,58619,2,58620,20,58621,15
1588,58606,16,58605,26,,,58617,16,58618,26,,
1589,58606,15,58605,28,,,58616,15,58617,28,,
1590,58608,11,58607,15,,,58619,11,58620,15,,
1591,58610,13,58609,18,,,58615,2,58621,13,58622,18
1592,58605,42,,,,,58616,14,58617,28,,
1593,58611,2,58610,11,58609,30,58620,2,58621,11,58622,30
1594,58604,2,58603,20,58602,26,58613,2,58614,20,58615,26
1595,58600,7,58595,12,58594,30,58606,12,58607,30,,
1596,58597,17,58596,27,,,58608,17,58609,27,,
1597,58599,2,58598,20,58597,28,58608,2,58609,20,58610,28
1598,58599,2,58598,11,58597,23,58608,2,58609,11,58610,23
1599,58600,2,58599,11,58598,25,58609,2,58610,11,58611,25
1600,58601,2,58600,10,58599,19,58610,2,58611,10,58612,19
1601,58591,1,58590,10,58589,22,58600,1,58601,10,58602,22
1602,58594,2,58593,13,58592,25,58603,2,58604,13,58605,25
1603,58591,2,58590,10,58589,17,58600,2,58601,10,58602,17
1604,58593,1,58592,19,58591,26,58602,1,58603,19,58604,26
1605,58591,1,58590,19,58589,30,58600,1,58601,19,58602,30
1606,58598,2,58597,15,58596,28,58607,2,58608,15,58609,28
1607,58596,2,58595,20,58594,28,58600,1,58605,2,58606,48
1608,58597,1,58596,14,58595,17,58606,1,58607,14,58608,17
1609,58585,36,,,,,58596,11,58597,25,,
1610,58589,2,58588,18,58587,15,58598,2,58599,18,58600,15
1611,58591,1,58590,11,58589,16,58600,1,58601,11,58602,16
1612,58596,3,58592,2,58591,20,58601,2,58602,20,58603,29
1613,58588,2,58587,18,58586,22,58597,2,58598,18,58599,22
1614,58590,4,58585,16,58584,15,58595,16,58596,15,,
1615,58585,2,58584,15,58583,21,58594,2,58595,36,,
1616,58584,12,58583,21,,,58595,33,,,,
1617,58589,11,58588,15,,,58600,11,58601,15,,
1618,58593,1,58592,19,58591,20,58602,1,58603,19,58604,20
1619,58587,16,58586,24,,,58598,16,58599,24,,
1620,58589,1,58588,20,58587,29,58598,1,58599,20,58600,29
1621,58589,1,58588,19,58587,15,58598,1,58599,19,58600,15
1622,58591,1,58590,17,58589,17,58600,1,58601,17,58602,17
1623,58595,2,58594,12,58593,17,58604,2,58605,12,58606,17
1624,58594,13,58593,18,,,58605,13,58606,18,,
1625,58585,2,58584,15,58583,19,58594,2,58595,15,58596,19
1626,58578,1,58577,13,58576,23,58587,1,58588,13,58589,23
1627,58571,10,58570,24,,,58582,10,58583,24,,
1628,58568,19,58567,23,,,58573,7,58578,19,58579,23
1629,58565,14,58564,20,,,58576,14,58577,20,,
1630,58569,42,,,,,58580,16,58581,26,,
1631,58571,20,58570,20,,,58581,2,58582,38,,
1632,58571,17,58570,16,,,58582,17,58583,16,,
1633,58576,13,58575,21,,,58581,7,58587,13,58588,21
1634,58567,1,58566,39,,,58576,1,58577,17,58578,22
1635,58572,1,58571,12,58570,20,58581,1,58582,12,58583,20
1636,58572,4,58571,30,,,58582,2,58583,40,,
1637,58575,2,58574,13,58573,24,58584,2,58585,13,58586,24
1638,58581,16,58580,19,,,58592,16,58593,19,,
1639,58589,2,58588,19,58587,19,58598,2,58599,19,58600,19
1640,58585,2,58584,42,,,58595,17,58596,27,,
1641,58590,13,58589,22,,,58601,13,58602,22,,
1642,58594,2,58593,15,58592,23,58603,2,58604,15,58605,23
1643,58594,16,58593,22,,,58605,16,58606,22,,
1644,58596,37,,,,,58607,15,58608,22,,
1645,58599,1,58598,32,,,58608,1,58609,17,58610,15
1646,58595,1,58594,44,,,58605,17,58606,28,,
1647,58597,15,58596,23,,,58607,2,58608,36,,
1648,58602,1,58601,34,,,58606,8,58612,17,58613,18
1649,58602,19,58601,15,,,58613,19,58614,15,,
1650,58611,1,58610,10,58609,18,58620,1,58621,10,58622,18
1651,58607,15,58606,24,,,58618,15,58619,24,,
1652,58609,11,58608,27,,,58619,2,58620,14,58621,27
1653,58619,1,58618,18,58617,19,58628,1,58629,18,58630,19
1654,58626,3,58622,2,58621,11,58631,2,58632,11,58633,23
1655,58624,15,58623,17,,,58635,15,58636,17,,
1656,58621,38,,,,,58632,13,58633,25,,
1657,58620,6,58619,26,,,58630,13,58631,26,,
1658,58617,31,,,,,58628,10,58629,21,,
1659,58612,10,58611,26,,,58623,10,58624,26,,
1660,58615,2,58614,11,58613,24,58624,2,58625,11,58626,24
1661,58614,17,58613,16,,,58625,17,58626,16,,
1662,58618,2,58617,15,58616,27,58627,2,58628,15,58629,27
1663,58618,2,58617,14,58616,16,58627,2,58628,14,58629,16
1664,58617,2,58616,12,58615,24,58627,12,58628,24,,
1665,58617,8,58612,18,58611,23,58623,41,,,,
1666,58614,1,58613,20,58612,15,58623,1,58624,20,58625,15
1667,58614,17,58613,18,,,58625,17,58626,18,,
1668,58614,9,58613,16,,,58625,13,58626,16,,
1669,58620,2,58619,17,58618,23,58629,2,58630,17,58631,23
1670,58622,13,58621,18,,,58633,13,58634,18,,
1671,58616,1,58615,16,58614,28,58625,1,58626,16,58627,28
1672,58622,6,58614,1,58613,11,58623,1,58624,11,58625,25
1673,58616,2,58615,43,,,58626,20,58627,25,,
1674,58619,12,58618,21,,,58630,33,,,,
1675,58618,15,58617,23,,,58629,15,58630,23,,
1676,58620,1,58619,19,58618,25,58624,5,58629,1,58630,19
1677,58619,25,,,,,58630,10,58631,15,,
1678,58626,2,58625,19,58624,27,58630,5,58635,2,58636,19
1679,58625,1,58624,13,58623,15,58629,1,58634,1,58635,13
1680,58629,1,58628,20,58627,30,58638,1,58639,20,58640,30
1681,58626,16,58625,23,,,58637,16,58638,23,,
1682,58627,29,,,,,58638,14,58639,15,,
1683,58627,2,58626,42,,,58637,22,58638,22,,
1684,58625,16,58624,28,,,58635,2,58636,42,,
1685,58620,2,58619,20,58618,15,58629,2,58630,20,58631,15
1686,58617,16,58616,24,,,58628,16,58629,24,,
1687,58614,2,58613,19,58612,23,58623,2,58624,19,58625,23
1688,58613,15,58612,24,,,58624,15,58625,24,,
1689,58603,2,58602,45,,,58613,20,58614,27,,
1690,58602,1,58601,12,58600,28,58611,1,58612,12,58613,28
1691,58600,1,58599,40,,,58609,1,58610,10,58611,30
1692,58598,12,58597,23,,,58609,12,58610,23,,
1693,58607,1,58606,16,58605,22,58616,1,58617,16,58618,22
1694,58609,2,58608,16,58607,17,58618,2,58619,16,58620,17
1695,58607,1,58606,41,,,58617,20,58618,22,,
1696,58612,2,58611,16,58610,17,58621,2,58622,16,58623,17
1697,58612,17,58611,22,,,58622,1,58623,38,,
1698,58612,10,58611,26,,,58623,10,58624,26,,
1699,58617,2,58616,18,58615,19,58626,2,58627,18,58628,19
1700,58620,1,58619,42,,,58629,1,58630,15,58631,27
1701,58621,12,58620,20,,,58632,12,58633,20,,
1702,58615,22,58614,16,,,58625,2,58626,36,,
1703,58611,1,58610,31,,,58620,1,58621,13,58622,18
1704,58606,1,58605,10,58604,20,58615,1,58616,10,58617,20
1705,58617,1,58608,2,58607,13,58618,13,58619,26,,
1706,58602,1,58601,17,58600,15,58611,1,58612,17,58613,15
1707,58600,2,58599,13,58598,30,58609,2,58610,13,58611,30
1708,58594,1,58593,19,58592,29,58603,1,58604,19,58605,29
1709,58592,48,,,,,58593,4,58602,1,58603,18
1710,58594,1,58593,13,58592,19,58603,1,58604,13,58605,19
1711,58599,1,58598,18,58597,21,58608,1,58609,18,58610,21
1712,58600,2,58599,12,58598,15,58609,2,58610,12,58611,15
1713,58601,1,58600,13,58599,15,58610,1,58611,13,58612,15
1714,58601,19,58600,19,,,58612,19,58613,19,,
1715,58598,19,58597,27,,,58609,19,58610,27,,
1716,58598,1,58597,17,58596,25,58607,1,58608,17,58609,25
1717,58597,2,58596,18,58595,29,58606,2,58607,47,,
1718,58592,17,58591,30,,,58603,17,58604,30,,
1719,58589,14,58588,29,,,58594,4,58599,14,58600,29
1720,58594,16,58593,24,,,58605,16,58606,24,,
1721,58596,1,58595,13,58594,30,58605,1,58606,13,58607,30
1722,58589,2,58588,30,,,58599,13,58600,19,,
1723,58593,15,58592,25,,,58604,40,,,,
1724,58590,1,58589,47,,,58600,21,58601,27,,
1725,58592,1,58591,17,58590,15,58601,1,58602,17,58603,15
1726,58591,2,58590,17,58589,22,58600,2,58601,17,58602,22
1727,58588,1,58587,19,58586,29,58597,1,58598,19,58599,29
1728,58589,1,58588,19,58587,21,58598,1,58599,19,58600,21
1729,58591,13,58590,25,,,58602,13,58603,25,,
1730,58587,13,58586,16,,,58592,8,58597,1,58598,28
1731,58574,15,58573,30,,,58584,15,58585,30,,
1732,58578,2,58577,36,,,58588,18,58589,20,,
1733,58584,1,58583,15,58582,21,58593,1,58594,15,58595,21
1734,58584,2,58583,11,58582,22,58593,2,58594,11,58595,22
1735,58586,2,58585,19,58584,27,58595,2,58596,19,58597,27
1736,58582,2,58581,12,58580,18,58591,2,58592,12,58593,18
1737,58580,2,58579,34,,,58589,2,58590,17,58591,17
1738,58580,1,58579,16,58578,30,58589,1,58590,16,58591,30
1739,58577,34,,,,,58588,17,58589,17,,
1740,58574,2,58573,13,58572,27,58583,2,58584,13,58585,27
1741,58578,10,58577,20,,,58589,10,58590,20,,
1742,58584,2,58583,12,58582,30,58593,2,58594,12,58595,30
1743,58587,6,58586,16,,,58598,14,58599,16,,
1744,58588,19,58587,15,,,58599,34,,,,
1745,58593,1,58592,11,58591,30,58597,2,58602,1,58603,11
1746,58600,4,58595,20,58594,21,58606,41,,,,
1747,58595,2,58594,16,58593,30,58604,2,58605,16,58606,30
1748,58597,1,58596,16,58595,25,58606,1,58607,41,,
1749,58601,1,58600,10,58599,20,58610,1,58611,30,,
1750,58597,2,58596,19,58595,15,58606,2,58607,19,58608,15
1751,58600,2,58599,11,58598,27,58609,2,58610,11,58611,27
1752,58605,14,58604,16,,,58616,30,,,,
1753,58603,1,58602,48,,,58612,1,58613,20,58614,28
1754,58608,2,58607,14,58606,20,58617,2,58618,14,58619,20
1755,58608,18,58607,22,,,58619,18,58620,22,,
1756,58606,3,58605,28,,,58616,10,58617,28,,
1757,58612,1,58611,10,58610,20,58621,1,58622,10,58623,20
1758,58616,16,58615,16,,,58627,32,,,,
1759,58614,1,58613,13,58612,30,58623,1,58624,13,58625,30
1760,58614,2,58613,12,58612,27,58623,2,58624,12,58625,27
1761,58612,20,58611,24,,,58623,20,58624,24,,
1762,58616,14,58615,25,,,58626,14,58627,25,,
1763,58618,1,58617,11,58616,28,58627,1,58628,11,58629,28
1764,58621,2,58620,10,58619,21,58630,2,58631,10,58632,21
1765,58621,1,58620,17,58619,20,58630,1,58631,17,58632,20
1766,58619,11,58618,28,,,58630,11,58631,28,,
1767,58619,1,58618,19,58617,15,58628,1,58629,19,58630,15
1768,58614,22,58613,29,,,58624,2,58625,49,,
1769,58614,19,58613,22,,,58625,41,,,,
1770,58614,2,58613,19,58612,26,58623,2,58624,19,58625,26
1771,58609,11,58608,25,,,58620,11,58621,25,,
1772,58615,3,58611,2,58610,17,58620,2,58621,17,58622,26
1773,58615,1,58614,15,58613,25,58624,1,58625,15,58626,25
1774,58613,6,58609,12,58608,18,58619,12,58620,18,,
1775,58616,1,58615,19,58614,25,58625,1,58626,19,58627,25
1776,58616,1,58615,17,58614,22,58625,1,58626,39,,
1777,58610,15,58609,30,,,58621,15,58622,30,,
1778,58612,1,58611,19,58610,15,58621,1,58622,19,58623,15
1779,58615,2,58614,15,58613,24,58624,2,58625,15,58626,24
1780,58616,1,58615,16,58614,20,58625,1,58626,16,58627,20
1781,58622,2,58621,44,,,58626,3,58631,2,58632,16
1782,58623,15,58622,20,,,58634,15,58635,20,,
1783,58619,1,58618,11,58617,25,58628,1,58629,11,58630,25
1784,58616,1,58615,19,58614,24,58625,1,58626,19,58627,24
1785,58614,10,58613,27,,,58625,10,58626,27,,
1786,58620,1,58619,13,58618,21,58629,1,58630,13,58631,21
1787,58617,16,58616,27,,,58622,5,58627,2,58628,41
1788,58622,20,58621,18,,,58633,20,58634,18,,
1789,58618,12,58617,27,,,58629,12,58630,27,,
1790,58622,19,58621,24,,,58633,19,58634,24,,
1791,58623,2,58622,13,58621,17,58632,2,58633,13,58634,17
1792,58630,2,58629,14,58628,28,58639,2,58640,14,58641,28
1793,58629,1,58628,37,,,58639,11,58640,27,,
1794,58630,2,58629,10,58628,28,58639,2,58640,38,,
1795,58632,14,58631,20,,,58643,14,58644,20,,
1796,58637,1,58636,17,58635,21,58641,4,58646,1,58647,17
1797,58639,12,58638,23,,,58649,1,58650,34,,
1798,58635,1,58634,12,58633,26,58644,1,58645,12,58646,26
1799,58631,2,58630,16,58629,24,58640,2,58641,16,58642,24
1800,58628,1,58627,14,58626,28,58637,1,58638,14,58639,28
1801,58626,2,58625,10,58624,18,58635,2,58636,10,58637,18
1802,58625,10,58624,26,,,58636,10,58637,26,,
1803,58620,10,58619,29,,,58631,39,,,,
1804,58613,2,58612,17,58611,18,58622,2,58623,17,58624,18
1805,58614,8,58609,16,58608,21,58619,1,58620,36,,
1806,58607,17,58606,24,,,58618,17,58619,24,,
1807,58606,1,58605,13,58604,23,58615,1,58616,13,58617,23
1808,58600,13,58599,26,,,58610,13,58611,26,,
1809,58609,2,58608,10,58607,22,58618,2,58619,10,58620,22
1810,58613,11,58612,23,,,58624,34,,,,
1811,58614,1,58613,29,,,58623,1,58624,12,58625,17
1812,58612,2,58611,15,58610,19,58621,2,58622,15,58623,19
1813,58604,18,58603,29,,,58614,2,58615,45,,
1814,58605,17,58604,21,,,58615,2,58616,36,,
1815,58605,17,58604,29,,,58616,17,58617,29,,
1816,58609,10,58608,24,,,58620,10,58621,24,,
1817,58609,13,58608,20,,,58620,13,58621,20,,
1818,58611,1,58610,15,58609,15,58620,1,58621,15,58622,15
1819,58608,2,58607,10,58606,16,58617,2,58618,10,58619,16
1820,58610,18,58609,22,,,58621,18,58622,22,,
1821,58614,2,58613,11,58612,30,58623,2,58624,11,58625,30
1822,58617,12,58616,22,,,58628,12,58629,22,,
1823,58619,17,58618,29,,,58630,17,58631,29,,
1824,58617,12,58616,30,,,58628,12,58629,30,,
1825,58613,17,58612,26,,,58624,17,58625,26,,
1826,58609,1,58608,11,58607,19,58618,1,58619,11,58620,19
1827,58611,16,58610,15,,,58622,16,58623,15,,
1828,58611,2,58610,18,58609,28,58620,2,58621,18,58622,28
1829,58613,2,58612,16,58611,24,58622,2,58623,16,58624,24
1830,58613,2,58612,19,58611,24,58622,2,58623,19,58624,24
1831,58609,12,58608,27,,,58614,8,58620,12,58621,27
1832,58612,2,58611,14,58610,24,58621,2,58622,14,58623,24
1833,58614,12,58613,27,,,58625,12,58626,27,,
1834,58614,2,58613,17,58612,24,58618,5,58623,2,58624,17
1835,58617,31,,,,,58628,10,58629,21,,
1836,58628,5,58619,1,58618,20,58629,20,58630,27,,
1837,58628,2,58627,15,58626,16,58637,2,58638,15,58639,16
1838,58623,11,58622,24,,,58633,1,58634,34,,
1839,58629,1,58628,10,58627,19,58638,1,58639,10,58640,19
1840,58625,40,,,,,58636,19,58637,21,,
1841,58626,2,58625,16,58624,30,58635,2,58636,16,58637,30
1842,58624,1,58623,18,58622,22,58633,1,58634,40,,
1843,58620,13,58619,16,,,58630,13,58631,16,,
1844,58623,8,58618,17,58617,29,58629,46,,,,
1845,58617,2,58616,12,58615,15,58621,8,58626,2,58627,12
1846,58614,2,58613,35,,,58623,2,58624,10,58625,25
1847,58612,10,58611,18,,,58623,10,58624,18,,
1848,58614,2,58613,37,,,58623,2,58624,12,58625,25
1849,58609,19,58608,15,,,58620,19,58621,15,,
1850,58616,18,58615,26,,,58627,44,,,,
1851,58615,1,58614,12,58613,30,58624,1,58625,12,58626,30
1852,58614,10,58613,15,,,58625,10,58626,15,,
1853,58618,1,58617,17,58616,20,58627,1,58628,17,58629,20
1854,58614,2,58613,12,58612,18,58623,2,58624,12,58625,18
1855,58613,11,58612,26,,,58624,37,,,,
1856,58617,18,58616,27,,,58628,45,,,,
1857,58631,1,58622,1,58621,15,58632,15,58633,29,,
1858,58621,2,58620,11,58619,20,58630,2,58631,11,58632,20
1859,58619,1,58618,17,58617,20,58628,1,58629,17,58630,20
1860,58624,1,58623,16,58622,19,58633,1,58634,16,58635,19
1861,58627,1,58626,18,58625,29,58636,1,58637,18,58638,29
1862,58632,20,58631,29,,,58642,2,58643,47,,
1863,58629,10,58628,19,,,58640,10,58641,19,,
1864,58633,6,58629,2,58628,17,58638,2,58639,17,58640,24
1865,58621,19,58620,26,,,58632,19,58633,26,,
1866,58616,16,58615,26,,,58627,16,58628,26,,
1867,58619,2,58618,12,58617,27,58628,2,58629,12,58630,27
1868,58624,1,58623,14,58622,30,58633,1,58634,14,58635,30
1869,58626,2,58625,12,58624,18,58635,2,58636,12,58637,18
1870,58627,1,58626,37,,,58636,1,58637,11,58638,26
1871,58620,2,58619,20,58618,20,58624,4,58629,2,58630,20
1872,58617,42,,,,,58628,12,58629,30,,
1873,58614,22,58613,15,,,58624,2,58625,35,,
1874,58614,2,58613,39,,,58624,22,58625,19,,
1875,58608,1,58607,10,58606,29,58617,1,58618,39,,
1876,58597,2,58596,46,,,58606,2,58607,20,58608,26
1877,58603,5,58598,19,58597,27,58609,19,58610,27,,
1878,58600,1,58599,13,58598,25,58609,1,58610,13,58611,25
1879,58599,2,58598,20,58597,30,58608,2,58609,20,58610,30
1880,58599,15,58598,18,,,58610,15,58611,18,,
1881,58603,2,58602,12,58601,21,58612,2,58613,12,58614,21
1882,58604,1,58603,17,58602,29,58613,1,58614,17,58615,29
1883,58600,2,58599,18,58598,28,58609,2,58610,18,58611,28
1884,58598,1,58597,11,58596,21,58607,1,58608,11,58609,21
1885,58598,1,58597,10,58596,20,58607,1,58608,10,58609,20
1886,58593,1,58592,32,,,58603,13,58604,20,,
1887,58586,1,58585,15,58584,18,58595,1,58596,15,58597,18
1888,58579,1,58578,13,58577,27,58588,1,58589,40,,
1889,58585,2,58584,16,58583,28,58594,2,58595,16,58596,28
1890,58581,10,58580,24,,,58592,10,58593,24,,
1891,58579,10,58578,28,,,58590,10,58591,28,,
1892,58588,6,58584,2,58583,15,58593,2,58594,15,58595,17
1893,58586,2,58585,15,58584,16,58595,2,58596,15,58597,16
1894,58585,1,58584,20,58583,19,58594,1,58595,20,58596,19
1895,58588,1,58587,14,58586,21,58597,1,58598,14,58599,21
1896,58589,13,58588,20,,,58599,2,58600,31,,
1897,58595,1,58594,10,58593,24,58604,1,58605,10,58606,24
1898,58597,12,58596,25,,,58602,2,58608,37,,
1899,58597,20,58596,20,,,58608,20,58609,20,,
1900,58598,1,58597,12,58596,18,58607,1,58608,12,58609,18
1901,58599,36,,,,,58604,1,58610,17,58611,19
1902,58603,6,58598,36,,,58609,15,58610,21,,
1903,58601,1,58600,14,58599,19,58610,1,58611,14,58612,19
1904,58595,44,,,,,58606,14,58607,30,,
1905,58597,2,58596,17,58595,15,58606,2,58607,17,58608,15
1906,58602,1,58601,11,58600,24,58606,1,58611,1,58612,11
1907,58607,3,58603,1,58602,17,58612,1,58613,17,58614,18
1908,58604,17,58603,19,,,58615,36,,,,
1909,58604,16,58603,23,,,58614,16,58615,23,,
1910,58604,1,58603,13,58602,30,58613,1,58614,13,58615,30
1911,58594,2,58593,12,58592,26,58603,2,58604,12,58605,26
1912,58595,2,58594,17,58593,27,58599,7,58604,2,58605,17
1913,58598,2,58597,19,58596,28,58607,2,58608,19,58609,28
1914,58596,15,58595,18,,,58607,15,58608,18,,
1915,58601,20,58600,20,,,58611,1,58612,39,,
1916,58609,1,58608,18,58607,17,58618,1,58619,18,58620,17
1917,58611,2,58610,41,,,58620,2,58621,17,58622,24
1918,58614,15,58613,19,,,58625,15,58626,19,,
1919,58610,17,58609,26,,,58621,17,58622,26,,
1920,58604,1,58603,20,58602,20,58613,1,58614,20,58615,20
1921,58608,2,58607,25,,,58618,12,58619,15,,
1922,58605,14,58604,23,,,58615,14,58616,23,,
1923,58609,5,58600,1,58599,13,58610,13,58611,15,,
1924,58604,2,58603,12,58602,30,58613,2,58614,12,58615,30
1925,58611,20,58610,24,,,58621,20,58622,24,,
1926,58612,11,58611,16,,,58622,1,58623,26,,
1927,58617,1,58616,10,58615,28,58626,1,58627,10,58628,28
1928,58616,1,58615,20,58614,21,58625,1,58626,20,58627,21
1929,58613,14,58612,27,,,58624,41,,,,
1930,58608,2,58607,15,58606,29,58617,2,58618,15,58619,29
1931,58604,1,58603,14,58602,27,58613,1,58614,14,58615,27
1932,58606,19,58605,16,,,58616,1,58617,34,,
1933,58602,1,58601,19,58600,28,58611,1,58612,19,58613,28
1934,58600,37,,,,,58611,19,58612,18,,
1935,58605,2,58604,12,58603,24,58614,2,58615,12,58616,24
1936,58619,5,58610,20,58609,28,58620,2,58621,46,,
1937,58609,11,58608,23,,,58620,11,58621,23,,
1938,58604,1,58603,10,58602,27,58613,1,58614,10,58615,27
1939,58607,2,58606,20,58605,20,58616,2,58617,20,58618,20
1940,58607,2,58606,10,58605,15,58616,2,58617,10,58618,15
1941,58609,2,58608,12,58607,28,58618,2,58619,12,58620,28
1942,58603,2,58602,10,58601,30,58612,2,58613,10,58614,30
1943,58600,2,58599,20,58598,29,58609,2,58610,20,58611,29
1944,58603,19,58602,29,,,58613,19,58614,29,,
1945,58600,2,58599,13,58598,30,58609,2,58610,13,58611,30
1946,58598,1,58597,12,58596,15,58607,1,58608,12,58609,15
1947,58602,1,58601,12,58600,27,58606,7,58611,1,58612,12
1948,58601,2,58600,18,58599,26,58610,2,58611,18,58612,26
1949,58609,1,58608,20,58607,23,58618,1,58619,20,58620,23
1950,58609,12,58608,24,,,58620,12,58621,24,,
1951,58613,1,58612,17,58611,29,58622,1,58623,17,58624,29
1952,58610,12,58609,16,,,58621,12,58622,16,,
1953,58614,1,58613,18,58612,15,58623,1,58624,18,58625,15
1954,58620,1,58619,17,58618,25,58629,1,58630,17,58631,25
1955,58614,15,58613,20,,,58625,15,58626,20,,
1956,58612,2,58611,20,58610,19,58621,2,58622,20,58623,19
1957,58612,1,58611,17,58610,29,58621,1,58622,17,58623,29
1958,58611,17,58610,29,,,58622,17,58623,29,,
1959,58615,13,58614,30,,,58625,13,58626,30,,
1960,58608,16,58607,18,,,58619,16,58620,18,,
1961,58610,1,58609,18,58608,29,58619,1,58620,18,58621,29
1962,58614,1,58613,14,58612,30,58623,1,58624,14,58625,30
1963,58611,1,58610,15,58609,22,58620,1,58621,15,58622,22
1964,58617,1,58616,12,58615,30,58626,1,58627,12,58628,30
1965,58619,33,,,,,58630,14,58631,19,,
1966,58622,2,58621,14,58620,25,58631,2,58632,14,58633,25
1967,58622,2,58621,17,58620,26,58631,2,58632,17,58633,26
1968,58615,32,,,,,58626,16,58627,16,,
1969,58615,14,58614,15,,,58625,2,58626,27,,
1970,58610,2,58609,20,58608,21,58619,2,58620,20,58621,21
1971,58607,1,58606,12,58605,30,58616,1,58617,12,58618,30
1972,58612,20,58611,22,,,58623,42,,,,
1973,58612,1,58611,12,58610,19,58621,1,58622,12,58623,19
1974,58605,10,58604,17,,,58616,10,58617,17,,
1975,58607,1,58606,31,,,58617,17,58618,15,,
1976,58605,18,58604,15,,,58615,18,58616,15,,
1977,58610,2,58609,17,58608,17,58619,2,58620,17,58621,17
1978,58616,13,58615,29,,,58626,2,58627,40,,
1979,58614,16,58613,28,,,58625,16,58626,28,,
1980,58615,1,58614,20,58613,25,58624,1,58625,20,58626,25
1981,58616,18,58615,25,,,58627,18,58628,25,,
1982,58622,2,58621,45,,,58631,2,58632,18,58633,27
1983,58620,1,58619,16,58618,17,58629,1,58630,16,58631,17
1984,58618,1,58617,20,58616,23,58627,1,58628,20,58629,23
1985,58622,38,,,,,58627,5,58633,20,58634,18
1986,58626,16,58625,21,,,58636,1,58637,36,,
1987,58628,20,58627,19,,,58639,39,,,,
1988,58629,2,58628,11,58627,23,58638,2,58639,11,58640,23
1989,58627,1,58626,12,58625,23,58636,1,58637,12,58638,23
1990,58628,18,58627,17,,,58639,35,,,,
1991,58634,2,58633,18,58632,19,58643,2,58644,37,,
1992,58634,1,58633,34,,,58644,16,58645,19,,
1993,58634,19,58633,21,,,58645,19,58646,21,,
1994,58636,2,58635,20,58634,19,58645,2,58646,20,58647,19
1995,58638,1,58637,17,58636,29,58647,1,58648,17,58649,29
1996,58636,17,58635,22,,,58646,2,58647,37,,
1997,58636,19,58635,17,,,58640,8,58646,19,58647,17
