timestamp,bid_price_1,bid_volume_1,bid_price_2,bid_volume_2,bid_price_3,bid_volume_3,ask_price_1,ask_volume_1,ask_price_2,ask_volume_2,ask_price_3,ask_volume_3
0,13409,61,,,,,13410,27,13411,34,,
1,13408,56,,,,,13410,56,,,,
2,13409,62,,,,,13410,62,,,,
3,13408,54,,,,,13410,54,,,,
4,13410,15,13409,46,,,13411,61,,,,
5,13410,20,13409,34,,,13411,54,,,,
6,13410,57,,,,,13412,57,,,,
7,13411,73,,,,,13412,73,,,,
8,13411,67,,,,,13412,22,13413,45,,
9,13412,50,,,,,13413,20,13414,30,,
10,13413,26,13412,40,,,13414,66,,,,
11,13413,67,,,,,13414,67,,,,
12,13412,16,13411,48,,,13413,64,,,,
13,13412,75,,,,,13414,75,,,,
14,13413,76,,,,,13414,76,,,,
15,13412,71,,,,,13414,78,,,,
16,13412,50,,,,,13413,50,,,,
17,13412,59,,,,,13413,22,13414,37,,
18,13413,30,13412,34,,,13414,64,,,,
19,13413,79,,,,,13414,29,13415,50,,
20,13413,67,,,,,13414,67,,,,
21,13414,49,,,,,13415,57,,,,
22,13415,26,13414,42,,,13416,68,,,,
23,13414,61,,,,,13416,61,,,,
24,13415,52,,,,,13416,52,,,,
25,13415,60,,,,,13416,60,,,,
26,13415,61,,,,,13416,5,13417,61,,
27,13415,49,,,,,13416,19,13417,30,,
28,13416,23,13415,34,,,13417,57,,,,
29,13416,69,,,,,13417,69,,,,
30,13417,16,13416,44,,,13418,60,,,,
31,13416,52,,,,,13417,52,,,,
32,13417,78,,,,,13418,78,,,,
33,13415,62,,,,,13416,62,,,,
34,13416,19,13415,46,,,13417,65,,,,
35,13414,76,,,,,13415,76,,,,
36,13414,68,,,,,13416,68,,,,
37,13413,26,13412,39,,,13414,65,,,,
38,13414,77,,,,,13415,77,,,,
39,13414,66,,,,,13415,66,,,,
40,13414,66,,,,,13416,66,,,,
41,13414,72,,,,,13415,26,13416,46,,
42,13415,62,,,,,13416,62,,,,
43,13415,16,13414,47,,,13416,63,,,,
44,13415,51,,,,,13416,16,13417,35,,
45,13416,29,13415,36,,,13417,65,,,,
46,13415,60,,,,,13416,23,13417,37,,
47,13415,65,,,,,13416,18,13417,47,,
48,13415,60,,,,,13416,27,13417,33,,
49,13414,66,,,,,13416,66,,,,
50,13415,51,,,,,13416,51,,,,
51,13416,29,13415,48,,,13417,77,,,,
52,13414,72,,,,,13416,72,,,,
53,13412,62,,,,,13414,62,,,,
54,13412,60,,,,,13413,60,,,,
55,13412,54,,,,,13414,54,,,,
56,13413,16,13412,45,,,13414,61,,,,
57,13413,59,,,,,13414,29,13415,30,,
58,13413,74,,,,,13414,30,13415,44,,
59,13414,50,,,,,13415,50,,,,
60,13414,65,,,,,13415,65,,,,
61,13413,53,,,,,13414,53,,,,
62,13414,67,,,,,13415,67,,,,
63,13413,22,13412,36,,,13414,58,,,,
64,13413,64,,,,,13414,24,13415,40,,
65,13413,55,,,,,13415,55,,,,
66,13414,26,13413,34,,,13415,57,,,,
67,13413,51,,,,,13414,57,,,,
68,13413,71,,,,,13415,71,,,,
69,13414,43,,,,,13415,51,,,,
70,13414,27,13413,36,,,13415,63,,,,
71,13414,61,,,,,13415,61,,,,
72,13414,49,,,,,13415,49,,,,
73,13414,66,,,,,13415,66,,,,
74,13414,56,,,,,13415,56,,,,
75,13414,65,,,,,13415,65,,,,
76,13413,25,13412,45,,,13414,70,,,,
77,13413,53,,,,,13415,53,,,,
78,13413,61,,,,,13415,61,,,,
79,13413,77,,,,,13415,77,,,,
80,13413,55,,,,,13414,18,13415,37,,
81,13413,54,,,,,13415,54,,,,
82,13412,15,13411,40,,,13413,55,,,,
83,13410,27,13409,43,,,13411,70,,,,
84,13410,77,,,,,13412,77,,,,
85,13411,75,,,,,13412,75,,,,
86,13411,67,,,,,13412,58,,,,
87,13411,56,,,,,13412,56,,,,
88,13411,54,,,,,13412,54,,,,
89,13412,63,,,,,13413,15,13414,48,,
90,13411,70,,,,,13412,70,,,,
91,13410,59,,,,,13411,16,13412,43,,
92,13411,20,13410,49,,,13412,69,,,,
93,13410,67,,,,,13412,67,,,,
94,13410,56,,,,,13411,19,13412,37,,
95,13411,22,13410,39,,,13412,61,,,,
96,13411,58,,,,,13412,58,,,,
97,13412,70,,,,,13414,70,,,,
98,13413,78,,,,,13415,78,,,,
99,13413,60,,,,,13414,26,13415,34,,
100,13412,64,,,,,13414,64,,,,
101,13410,76,,,,,13411,27,13412,49,,
102,13410,65,,,,,13412,65,,,,
103,13410,60,,,,,13412,60,,,,
104,13410,70,,,,,13411,25,13412,45,,
105,13410,59,,,,,13412,59,,,,
106,13410,51,,,,,13411,17,13412,34,,
107,13410,65,,,,,13411,16,13412,49,,
108,13410,59,,,,,13411,20,13412,39,,
109,13410,68,,,,,13411,68,,,,
110,13408,71,,,,,13409,71,,,,
111,13409,20,13408,46,,,13410,66,,,,
112,13409,17,13408,48,,,13410,65,,,,
113,13409,54,,,,,13410,20,13411,34,,
114,13409,22,13408,41,,,13410,63,,,,
115,13409,16,13408,33,,,13410,49,,,,
116,13408,66,,,,,13410,66,,,,
117,13409,75,,,,,13410,75,,,,
118,13410,19,13409,40,,,13411,59,,,,
119,13410,64,,,,,13411,30,13412,34,,
120,13410,61,,,,,13412,61,,,,
121,13413,53,,,,,13415,53,,,,
122,13414,27,13413,32,,,13415,59,,,,
123,13414,24,13413,33,,,13415,57,,,,
124,13414,64,,,,,13415,64,,,,
125,13414,64,,,,,13415,16,13416,48,,
126,13414,59,,,,,13415,59,,,,
127,13415,23,13414,34,,,13416,57,,,,
128,13417,77,,,,,13418,30,13419,47,,
129,13417,76,,,,,13418,76,,,,
130,13417,48,,,,,13418,15,13419,33,,
131,13417,76,,,,,13419,76,,,,
132,13415,51,,,,,13417,59,,,,
133,13414,63,,,,,13415,23,13416,40,,
134,13415,57,,,,,13416,57,,,,
135,13414,66,,,,,13416,66,,,,
136,13414,67,,,,,13416,67,,,,
137,13415,49,,,,,13416,49,,,,
138,13416,23,13415,42,,,13417,65,,,,
139,13415,73,,,,,13417,73,,,,
140,13416,57,,,,,13417,57,,,,
141,13416,57,,,,,13418,57,,,,
142,13416,66,,,,,13418,66,,,,
143,13416,58,,,,,13417,58,,,,
144,13417,68,,,,,13418,68,,,,
145,13417,71,,,,,13418,71,,,,
146,13415,64,,,,,13417,64,,,,
147,13415,66,,,,,13416,19,13417,47,,
148,13416,64,,,,,13417,15,13418,49,,
149,13416,22,13415,39,,,13417,61,,,,
150,13416,79,,,,,13417,79,,,,
151,13416,26,13415,32,,,13417,58,,,,
152,13417,49,,,,,13418,49,,,,
153,13417,50,,,,,13418,17,13419,33,,
154,13417,66,,,,,13418,66,,,,
155,13418,59,,,,,13420,59,,,,
156,13418,64,,,,,13420,64,,,,
157,13417,62,,,,,13418,62,,,,
158,13416,65,,,,,13418,65,,,,
159,13418,49,,,,,13419,18,13420,31,,
160,13418,69,,,,,13420,69,,,,
161,13419,59,,,,,13420,23,13421,36,,
162,13418,61,,,,,13419,61,,,,
163,13418,59,,,,,13419,59,,,,
164,13417,63,,,,,13418,63,,,,
165,13417,52,,,,,13418,52,,,,
166,13418,72,,,,,13419,72,,,,
167,13418,62,,,,,13419,62,,,,
168,13418,55,,,,,13419,55,,,,
169,13417,78,,,,,13418,30,13419,48,,
170,13415,76,,,,,13416,26,13417,50,,
171,13415,67,,,,,13416,67,,,,
172,13414,65,,,,,13415,65,,,,
173,13414,69,,,,,13415,18,13416,45,,
174,13414,19,13413,32,,,13415,51,,,,
175,13414,73,,,,,13415,73,,,,
176,13414,64,,,,,13415,64,,,,
177,13415,64,,,,,13416,74,,,,
178,13415,25,13414,40,,,13416,65,,,,
179,13414,75,,,,,13416,75,,,,
180,13414,75,,,,,13415,75,,,,
181,13414,53,,,,,13415,53,,,,
182,13414,27,13413,35,,,13415,62,,,,
183,13412,66,,,,,13413,21,13414,45,,
184,13411,52,,,,,13413,52,,,,
185,13411,17,13410,44,,,13412,61,,,,
186,13411,27,13410,43,,,13412,70,,,,
187,13411,59,,,,,13413,59,,,,
188,13412,26,13411,49,,,13413,75,,,,
189,13412,66,,,,,13414,66,,,,
190,13413,74,,,,,13414,74,,,,
191,13413,73,,,,,13414,30,13415,43,,
192,13413,68,,,,,13414,68,,,,
193,13413,58,,,,,13414,22,13415,36,,
194,13413,18,13412,33,,,13414,51,,,,
195,13413,60,,,,,13414,19,13415,41,,
196,13414,69,,,,,13416,69,,,,
197,13415,15,13414,44,,,13416,59,,,,
198,13414,62,,,,,13416,62,,,,
199,13414,79,,,,,13416,79,,,,
200,13414,65,,,,,13416,65,,,,
201,13415,63,,,,,13416,18,13417,45,,
202,13415,54,,,,,13416,54,,,,
203,13415,77,,,,,13416,77,,,,
204,13415,60,,,,,13416,60,,,,
205,13415,61,,,,,13416,61,,,,
206,13414,22,13413,41,,,13415,63,,,,
207,13414,7,13413,69,,,13415,69,,,,
208,13413,66,,,,,13414,66,,,,
209,13413,69,,,,,13414,69,,,,
210,13413,60,,,,,13414,20,13415,40,,
211,13413,66,,,,,13414,21,13415,45,,
212,13413,65,,,,,13414,65,,,,
213,13413,51,,,,,13415,51,,,,
214,13414,65,,,,,13415,65,,,,
215,13414,62,,,,,13415,24,13416,38,,
216,13414,63,,,,,13415,25,13416,38,,
217,13414,64,,,,,13415,64,,,,
218,13413,63,,,,,13415,63,,,,
219,13413,61,,,,,13415,61,,,,
220,13414,73,,,,,13415,73,,,,
221,13415,62,,,,,13416,62,,,,
222,13415,68,,,,,13417,68,,,,
223,13416,69,,,,,13418,69,,,,
224,13416,65,,,,,13418,65,,,,
225,13416,53,,,,,13418,53,,,,
226,13417,20,13416,41,,,13418,61,,,,
227,13414,54,,,,,13416,54,,,,
228,13414,76,,,,,13415,76,,,,
229,13414,72,,,,,13415,27,13416,45,,
230,13413,63,,,,,13414,24,13415,39,,
231,13412,23,13411,43,,,13413,66,,,,
232,13412,46,,,,,13413,46,,,,
233,13412,68,,,,,13413,20,13414,48,,
234,13413,23,13412,34,,,13414,57,,,,
235,13413,68,,,,,13414,68,,,,
236,13413,74,,,,,13414,74,,,,
237,13413,61,,,,,13415,61,,,,
238,13413,50,,,,,13414,50,,,,
239,13413,73,,,,,13414,73,,,,
240,13412,54,,,,,13414,54,,,,
241,13412,55,,,,,13413,55,,,,
242,13411,22,13410,45,,,13412,67,,,,
243,13410,55,,,,,13412,55,,,,
244,13411,61,,,,,13412,26,13413,35,,
245,13411,64,,,,,13412,64,,,,
246,13411,53,,,,,13412,20,13413,33,,
247,13411,56,,,,,13412,56,,,,
248,13411,61,,,,,13413,61,,,,
249,13411,66,,,,,13412,23,13413,43,,
250,13412,53,,,,,13413,53,,,,
251,13412,65,,,,,13413,65,,,,
252,13411,70,,,,,13412,20,13413,50,,
253,13410,48,,,,,13411,48,,,,
254,13410,60,,,,,13411,60,,,,
255,13410,72,,,,,13411,72,,,,
256,13410,22,13409,42,,,13411,64,,,,
257,13410,18,13409,35,,,13411,53,,,,
258,13410,17,13409,34,,,13411,51,,,,
259,13411,60,,,,,13412,19,13413,41,,
260,13412,66,,,,,13413,66,,,,
261,13411,73,,,,,13412,27,13413,46,,
262,13411,69,,,,,13412,30,13413,39,,
263,13411,50,,,,,13412,50,,,,
264,13411,15,13410,34,,,13412,49,,,,
265,13411,28,13410,41,,,13412,69,,,,
266,13410,65,,,,,13411,17,13412,48,,
267,13409,59,,,,,13411,59,,,,
268,13409,64,,,,,13411,64,,,,
269,13409,60,,,,,13411,60,,,,
270,13409,65,,,,,13410,19,13411,46,,
271,13409,28,13408,39,,,13410,67,,,,
272,13408,61,,,,,13409,29,13410,32,,
273,13408,77,,,,,13409,77,,,,
274,13408,68,,,,,13409,23,13410,42,,
275,13409,54,,,,,13410,54,,,,
276,13409,66,,,,,13411,66,,,,
277,13409,68,,,,,13411,68,,,,
278,13410,79,,,,,13411,79,,,,
279,13410,56,,,,,13411,56,,,,
280,13411,64,,,,,13412,64,,,,
281,13411,63,,,,,13413,63,,,,
282,13411,53,,,,,13412,53,,,,
283,13412,65,,,,,13414,65,,,,
284,13412,57,,,,,13413,57,,,,
285,13412,59,,,,,13413,59,,,,
286,13412,63,,,,,13413,21,13414,42,,
287,13413,62,,,,,13414,62,,,,
288,13413,26,13412,30,,,13414,56,,,,
289,13414,73,,,,,13415,73,,,,
290,13414,66,,,,,13415,66,,,,
291,13414,50,,,,,13415,50,,,,
292,13412,58,,,,,13413,19,13414,39,,
293,13411,25,13410,35,,,13412,60,,,,
294,13411,60,,,,,13412,60,,,,
295,13410,73,,,,,13412,73,,,,
296,13410,69,,,,,13411,28,13412,41,,
297,13409,69,,,,,13411,69,,,,
298,13410,23,13409,44,,,13411,67,,,,
299,13411,30,13410,50,,,13412,80,,,,
300,13411,56,,,,,13412,56,,,,
301,13412,69,,,,,13413,69,,,,
302,13413,64,,,,,13414,64,,,,
303,13413,76,,,,,13414,29,13415,47,,
304,13413,62,,,,,13414,62,,,,
305,13413,52,,,,,13414,17,13415,35,,
306,13414,56,,,,,13415,56,,,,
307,13415,22,13414,30,,,13416,52,,,,
308,13414,51,,,,,13415,51,,,,
309,13415,67,,,,,13416,67,,,,
310,13415,64,,,,,13416,64,,,,
311,13415,61,,,,,13416,30,13417,31,,
312,13417,22,13416,34,,,13418,56,,,,
313,13417,64,,,,,13418,64,,,,
314,13417,55,,,,,13418,55,,,,
315,13417,58,,,,,13418,25,13419,33,,
316,13417,67,,,,,13418,67,,,,
317,13415,49,,,,,13416,49,,,,
318,13416,69,,,,,13417,26,13418,43,,
319,13416,54,,,,,13417,54,,,,
320,13416,24,13415,30,,,13417,54,,,,
321,13416,66,,,,,13417,66,,,,
322,13415,76,,,,,13416,26,13417,50,,
323,13415,70,,,,,13416,29,13417,41,,
324,13413,63,,,,,13414,63,,,,
325,13413,67,,,,,13414,27,13415,40,,
326,13412,58,,,,,13413,20,13414,38,,
327,13411,58,,,,,13412,25,13413,33,,
328,13411,60,,,,,13413,60,,,,
329,13410,54,,,,,13412,54,,,,
330,13411,55,,,,,13412,55,,,,
331,13412,71,,,,,13413,71,,,,
332,13412,56,,,,,13413,56,,,,
333,13411,53,,,,,13413,53,,,,
334,13412,58,,,,,13413,58,,,,
335,13412,20,13411,49,,,13413,69,,,,
336,13412,62,,,,,13413,62,,,,
337,13411,54,,,,,13413,54,,,,
338,13411,22,13410,32,,,13412,54,,,,
339,13411,68,,,,,13412,68,,,,
340,13411,58,,,,,13412,19,13413,39,,
341,13411,48,,,,,13412,48,,,,
342,13412,50,,,,,13413,50,,,,
343,13409,55,,,,,13410,55,,,,
344,13409,16,13408,39,,,13410,55,,,,
345,13409,67,,,,,13410,24,13411,43,,
346,13408,49,,,,,13409,18,13410,31,,
347,13408,59,,,,,13410,59,,,,
348,13409,76,,,,,13410,26,13411,50,,
349,13410,62,,,,,13411,62,,,,
350,13410,21,13409,31,,,13411,52,,,,
351,13410,27,13409,43,,,13411,70,,,,
352,13408,25,13407,44,,,13409,69,,,,
353,13408,74,,,,,13410,74,,,,
354,13408,70,,,,,13410,70,,,,
355,13409,26,13408,49,,,13410,75,,,,
356,13408,59,,,,,13410,59,,,,
357,13409,63,,,,,13410,63,,,,
358,13409,54,,,,,13410,54,,,,
359,13409,56,,,,,13410,16,13411,40,,
360,13409,57,,,,,13410,26,13411,31,,
361,13409,56,,,,,13410,56,,,,
362,13408,63,,,,,13409,63,,,,
363,13409,57,,,,,13411,57,,,,
364,13410,23,13409,31,,,13411,54,,,,
365,13409,62,,,,,13410,62,,,,
366,13409,74,,,,,13410,74,,,,
367,13408,74,,,,,13410,74,,,,
368,13406,64,,,,,13408,64,,,,
369,13406,65,,,,,13408,65,,,,
370,13403,20,13402,33,,,13404,53,,,,
371,13399,48,,,,,13400,48,,,,
372,13400,76,,,,,13401,76,,,,
373,13401,24,13400,45,,,13402,69,,,,
374,13400,17,13399,34,,,13401,51,,,,
375,13399,46,,,,,13400,15,13401,38,,
376,13398,57,,,,,13400,57,,,,
377,13398,78,,,,,13399,28,13400,50,,
378,13395,50,,,,,13397,50,,,,
379,13394,75,,,,,13395,75,,,,
380,13394,54,,,,,13395,23,13396,31,,
381,13395,55,,,,,13396,17,13397,38,,
382,13396,29,13395,48,,,13397,77,,,,
383,13394,72,,,,,13396,72,,,,
384,13396,59,,,,,13397,59,,,,
385,13396,27,13395,48,,,13397,75,,,,
386,13394,59,,,,,13395,15,13396,44,,
387,13393,48,,,,,13395,48,,,,
388,13393,65,,,,,13394,65,,,,
389,13392,63,,,,,13394,63,,,,
390,13390,68,,,,,13391,24,13392,44,,
391,13391,28,13390,42,,,13392,70,,,,
392,13389,67,,,,,13391,67,,,,
393,13389,66,,,,,13391,66,,,,
394,13388,30,13387,50,,,13389,73,,,,
395,13384,19,13383,35,,,13385,54,,,,
396,13385,22,13384,43,,,13386,65,,,,
397,13385,64,,,,,13386,64,,,,
398,13384,53,,,,,13385,53,,,,
399,13384,60,,,,,13385,60,,,,
400,13383,68,,,,,13384,68,,,,
401,13382,55,,,,,13383,55,,,,
402,13383,65,,,,,13384,16,13385,49,,
403,13384,25,13383,36,,,13385,61,,,,
404,13387,67,,,,,13388,25,13389,42,,
405,13391,60,,,,,13393,60,,,,
406,13391,67,,,,,13392,67,,,,
407,13388,67,,,,,13389,67,,,,
408,13385,63,,,,,13387,63,,,,
409,13386,76,,,,,13388,76,,,,
410,13386,53,,,,,13388,53,,,,
411,13386,61,,,,,13388,61,,,,
412,13385,61,,,,,13387,61,,,,
413,13387,71,,,,,13388,71,,,,
414,13387,70,,,,,13388,70,,,,
415,13389,53,,,,,13390,16,13391,37,,
416,13390,55,,,,,13391,55,,,,
417,13389,58,,,,,13390,58,,,,
418,13389,56,,,,,13390,26,13391,30,,
419,13389,27,13388,35,,,13390,62,,,,
420,13387,74,,,,,13388,74,,,,
421,13385,50,,,,,13386,50,,,,
422,13385,79,,,,,13386,79,,,,
423,13385,66,,,,,13386,66,,,,
424,13384,59,,,,,13386,59,,,,
425,13384,69,,,,,13386,69,,,,
426,13384,50,,,,,13385,50,,,,
427,13383,62,,,,,13384,62,,,,
428,13381,69,,,,,13382,69,,,,
429,13382,59,,,,,13383,59,,,,
430,13384,56,,,,,13385,56,,,,
431,13383,70,,,,,13384,24,13385,46,,
432,13383,57,,,,,13385,57,,,,
433,13383,53,,,,,13384,22,13385,31,,
434,13383,62,,,,,13384,19,13385,43,,
435,13383,64,,,,,13385,64,,,,
436,13383,53,,,,,13385,53,,,,
437,13384,80,,,,,13385,80,,,,
438,13384,56,,,,,13386,56,,,,
439,13388,15,13387,36,,,13389,51,,,,
440,13389,46,,,,,13390,46,,,,
441,13389,58,,,,,13391,58,,,,
442,13389,29,13388,36,,,13390,65,,,,
443,13388,61,,,,,13389,27,13390,34,,
444,13388,58,,,,,13390,58,,,,
445,13388,74,,,,,13390,74,,,,
446,13390,56,,,,,13391,56,,,,
447,13387,61,,,,,13388,61,,,,
448,13385,72,,,,,13387,72,,,,
449,13386,57,,,,,13387,57,,,,
450,13385,51,,,,,13386,51,,,,
451,13384,71,,,,,13385,16,13386,46,,
452,13385,19,13384,32,,,13386,51,,,,
453,13384,60,,,,,13386,60,,,,
454,13384,72,,,,,13385,72,,,,
455,13385,70,,,,,13386,29,13387,41,,
456,13386,68,,,,,13387,68,,,,
457,13385,79,,,,,13386,79,,,,
458,13384,15,13383,32,,,13385,47,,,,
459,13383,52,,,,,13385,52,,,,
460,13384,70,,,,,13385,70,,,,
461,13382,66,,,,,13383,66,,,,
462,13383,19,13382,44,,,13384,63,,,,
463,13383,53,,,,,13384,21,13385,32,,
464,13382,76,,,,,13384,76,,,,
465,13382,53,,,,,13383,20,13384,33,,
466,13381,64,,,,,13382,21,13383,43,,
467,13382,63,,,,,13383,63,,,,
468,13385,75,,,,,13386,75,,,,
469,13385,76,,,,,13386,27,13387,49,,
470,13387,16,13386,39,,,13388,55,,,,
471,13388,70,,,,,13390,70,,,,
472,13388,61,,,,,13389,61,,,,
473,13388,22,13387,39,,,13389,61,,,,
474,13385,29,13384,46,,,13386,75,,,,
475,13387,60,,,,,13388,60,,,,
476,13388,76,,,,,13389,76,,,,
477,13387,53,,,,,13389,53,,,,
478,13387,55,,,,,13389,55,,,,
479,13387,68,,,,,13388,28,13389,40,,
480,13388,66,,,,,13389,66,,,,
481,13386,55,,,,,13387,20,13388,35,,
482,13387,54,,,,,13389,54,,,,
483,13386,62,,,,,13387,62,,,,
484,13385,15,13384,40,,,13386,55,,,,
485,13384,70,,,,,13386,70,,,,
486,13385,59,,,,,13386,59,,,,
487,13388,69,,,,,13389,19,13390,50,,
488,13388,26,13387,30,,,13389,56,,,,
489,13387,46,,,,,13389,46,,,,
490,13387,61,,,,,13388,27,13389,34,,
491,13387,16,13386,31,,,13388,47,,,,
492,13386,25,13385,37,,,13387,62,,,,
493,13386,21,13385,30,,,13387,51,,,,
494,13386,15,13385,32,,,13387,47,,,,
495,13385,15,13384,47,,,13386,62,,,,
496,13384,56,,,,,13385,56,,,,
497,13385,17,13384,46,,,13386,63,,,,
498,13385,80,,,,,13387,80,,,,
499,13384,66,,,,,13386,66,,,,
500,13386,58,,,,,13387,58,,,,
501,13386,72,,,,,13387,24,13388,48,,
502,13388,56,,,,,13389,64,,,,
503,13387,75,,,,,13389,75,,,,
504,13388,23,13387,47,,,13389,70,,,,
505,13387,19,13386,36,,,13388,55,,,,
506,13387,74,,,,,13388,74,,,,
507,13387,53,,,,,13388,53,,,,
508,13389,47,,,,,13390,15,13391,32,,
509,13390,64,,,,,13391,64,,,,
510,13389,74,,,,,13390,74,,,,
511,13388,52,,,,,13390,52,,,,
512,13389,21,13388,33,,,13390,54,,,,
513,13388,20,13387,37,,,13389,57,,,,
514,13388,64,,,,,13389,27,13390,37,,
515,13388,61,,,,,13389,61,,,,
516,13388,70,,,,,13389,70,,,,
517,13390,53,,,,,13391,22,13392,31,,
518,13391,30,13390,37,,,13392,67,,,,
519,13392,29,13391,41,,,13393,70,,,,
520,13390,77,,,,,13391,29,13392,48,,
521,13389,67,,,,,13390,67,,,,
522,13389,74,,,,,13390,27,13391,47,,
523,13389,30,13388,37,,,13390,67,,,,
524,13389,77,,,,,13390,77,,,,
525,13388,58,,,,,13390,58,,,,
526,13386,71,,,,,13388,71,,,,
527,13387,62,,,,,13388,15,13389,47,,
528,13386,74,,,,,13387,74,,,,
529,13386,70,,,,,13387,23,13388,47,,
530,13387,21,13386,49,,,13388,70,,,,
531,13388,74,,,,,13389,26,13390,48,,
532,13387,67,,,,,13389,67,,,,
533,13387,55,,,,,13388,15,13389,40,,
534,13388,62,,,,,13389,21,13390,38,,
535,13388,57,,,,,13389,57,,,,
536,13387,26,13386,37,,,13388,63,,,,
537,13386,76,,,,,13388,76,,,,
538,13387,61,,,,,13388,61,,,,
539,13387,65,,,,,13389,65,,,,
540,13386,30,13385,45,,,13387,75,,,,
541,13386,63,,,,,13388,63,,,,
542,13386,77,,,,,13387,77,,,,
543,13386,62,,,,,13387,29,13388,33,,
544,13384,57,,,,,13386,57,,,,
545,13384,56,,,,,13385,17,13386,39,,
546,13384,49,,,,,13386,49,,,,
547,13385,75,,,,,13386,75,,,,
548,13385,29,13384,48,,,13386,77,,,,
549,13386,28,13385,37,,,13387,65,,,,
550,13386,70,,,,,13387,70,,,,
551,13385,62,,,,,13386,62,,,,
552,13385,68,,,,,13386,68,,,,
553,13385,15,13384,43,,,13386,58,,,,
554,13384,54,,,,,13386,54,,,,
555,13385,53,,,,,13386,53,,,,
556,13385,48,,,,,13386,17,13387,31,,
557,13385,70,,,,,13386,23,13387,47,,
558,13385,20,13384,37,,,13386,57,,,,
559,13385,61,,,,,13386,28,13387,33,,
560,13385,58,,,,,13386,58,,,,
561,13385,59,,,,,13387,59,,,,
562,13384,60,,,,,13386,60,,,,
563,13385,19,13384,41,,,13386,60,,,,
564,13385,63,,,,,13386,63,,,,
565,13386,69,,,,,13387,69,,,,
566,13386,61,,,,,13387,17,13388,44,,
567,13386,57,,,,,13387,26,13388,31,,
568,13387,62,,,,,13388,15,13389,47,,
569,13387,50,,,,,13388,19,13389,31,,
570,13387,56,,,,,13389,56,,,,
571,13387,58,,,,,13388,58,,,,
572,13386,19,13385,38,,,13387,57,,,,
573,13385,63,,,,,13386,63,,,,
574,13385,55,,,,,13387,55,,,,
575,13385,72,,,,,13386,28,13387,44,,
576,13385,59,,,,,13386,28,13387,31,,
577,13385,57,,,,,13386,18,13387,39,,
578,13384,64,,,,,13386,64,,,,
579,13384,76,,,,,13385,28,13386,48,,
580,13384,59,,,,,13385,59,,,,
581,13383,56,,,,,13385,56,,,,
582,13384,48,,,,,13385,48,,,,
583,13385,27,13384,45,,,13386,72,,,,
584,13384,54,,,,,13386,54,,,,
585,13384,76,,,,,13385,28,13386,48,,
586,13384,75,,,,,13385,75,,,,
587,13384,48,,,,,13385,15,13386,33,,
588,13384,16,13383,33,,,13385,49,,,,
589,13384,52,,,,,13386,52,,,,
590,13384,71,,,,,13386,71,,,,
591,13384,50,,,,,13386,50,,,,
592,13384,56,,,,,13386,56,,,,
593,13385,75,,,,,13386,26,13387,49,,
594,13386,49,,,,,13388,49,,,,
595,13386,26,13385,49,,,13387,75,,,,
596,13386,76,,,,,13388,76,,,,
597,13386,61,,,,,13388,61,,,,
598,13386,60,,,,,13388,60,,,,
599,13385,61,,,,,13387,61,,,,
600,13386,73,,,,,13387,73,,,,
601,13386,67,,,,,13387,67,,,,
602,13387,56,,,,,13388,21,13389,35,,
603,13387,71,,,,,13389,71,,,,
604,13388,70,,,,,13389,70,,,,
605,13391,28,13390,49,,,13392,77,,,,
606,13392,70,,,,,13393,70,,,,
607,13390,63,,,,,13392,63,,,,
608,13390,52,,,,,13391,15,13392,37,,
609,13390,62,,,,,13392,62,,,,
610,13390,71,,,,,13392,71,,,,
611,13390,69,,,,,13391,69,,,,
612,13390,66,,,,,13392,66,,,,
613,13389,57,,,,,13390,57,,,,
614,13389,29,13388,39,,,13390,68,,,,
615,13387,50,,,,,13389,50,,,,
616,13387,62,,,,,13389,62,,,,
617,13388,23,13387,46,,,13389,69,,,,
618,13388,64,,,,,13389,24,13390,40,,
619,13388,53,,,,,13390,53,,,,
620,13388,57,,,,,13389,57,,,,
621,13390,22,13389,30,,,13391,52,,,,
622,13390,55,,,,,13391,55,,,,
623,13391,57,,,,,13392,57,,,,
624,13391,70,,,,,13392,70,,,,
625,13391,73,,,,,13392,24,13393,49,,
626,13391,65,,,,,13392,65,,,,
627,13391,70,,,,,13393,70,,,,
628,13390,59,,,,,13391,17,13392,42,,
629,13390,67,,,,,13392,67,,,,
630,13390,68,,,,,13392,68,,,,
631,13390,66,,,,,13391,66,,,,
632,13390,56,,,,,13391,56,,,,
633,13390,71,,,,,13392,71,,,,
634,13391,73,,,,,13392,25,13393,48,,
635,13390,79,,,,,13392,79,,,,
636,13390,74,,,,,13391,28,13392,46,,
637,13390,58,,,,,13391,21,13392,37,,
638,13390,66,,,,,13392,66,,,,
639,13390,62,,,,,13392,62,,,,
640,13391,63,,,,,13392,28,13393,35,,
641,13390,51,,,,,13392,51,,,,
642,13390,61,,,,,13392,61,,,,
643,13392,25,13391,43,,,13393,68,,,,
644,13391,61,,,,,13392,18,13393,43,,
645,13391,29,13390,34,,,13392,63,,,,
646,13391,18,13390,43,,,13392,61,,,,
647,13390,61,,,,,13392,61,,,,
648,13389,66,,,,,13391,66,,,,
649,13390,56,,,,,13391,56,,,,
650,13390,65,,,,,13391,27,13392,38,,
651,13391,59,,,,,13392,18,13393,41,,
652,13391,69,,,,,13393,69,,,,
653,13391,57,,,,,13393,57,,,,
654,13390,70,,,,,13391,70,,,,
655,13390,63,,,,,13391,63,,,,
656,13389,65,,,,,13391,65,,,,
657,13389,66,,,,,13390,66,,,,
658,13389,24,13388,30,,,13390,54,,,,
659,13388,56,,,,,13389,20,13390,36,,
660,13388,57,,,,,13389,24,13390,33,,
661,13388,53,,,,,13389,53,,,,
662,13388,76,,,,,13389,28,13390,48,,
663,13388,59,,,,,13389,59,,,,
664,13388,65,,,,,13390,65,,,,
665,13388,56,,,,,13390,56,,,,
666,13389,21,13388,33,,,13390,54,,,,
667,13388,63,,,,,13389,15,13390,48,,
668,13388,47,,,,,13389,16,13390,31,,
669,13388,62,,,,,13389,62,,,,
670,13388,30,13387,41,,,13389,71,,,,
671,13388,54,,,,,13389,54,,,,
672,13388,28,13387,44,,,13389,72,,,,
673,13387,76,,,,,13388,28,13389,38,,
674,13386,61,,,,,13388,61,,,,
675,13386,72,,,,,13387,72,,,,
676,13385,58,,,,,13386,58,,,,
677,13385,63,,,,,13386,23,13387,40,,
678,13385,65,,,,,13386,65,,,,
679,13384,72,,,,,13386,72,,,,
680,13384,57,,,,,13386,57,,,,
681,13384,70,,,,,13386,70,,,,
682,13384,73,,,,,13385,28,13386,45,,
683,13384,22,13383,33,,,13385,55,,,,
684,13384,63,,,,,13385,63,,,,
685,13383,48,,,,,13384,48,,,,
686,13383,57,,,,,13384,57,,,,
687,13383,65,,,,,13384,65,,,,
688,13383,21,13382,33,,,13384,54,,,,
689,13383,62,,,,,13384,62,,,,
690,13383,48,,,,,13384,48,,,,
691,13384,23,13383,35,,,13385,58,,,,
692,13385,27,13384,31,,,13386,58,,,,
693,13384,62,,,,,13386,62,,,,
694,13385,61,,,,,13386,61,,,,
695,13386,29,13385,34,,,13387,63,,,,
696,13385,62,,,,,13386,19,13387,43,,
697,13385,62,,,,,13386,62,,,,
698,13385,60,,,,,13386,60,,,,
699,13385,59,,,,,13386,59,,,,
700,13385,76,,,,,13386,26,13387,50,,
701,13386,17,13385,40,,,13387,57,,,,
702,13386,64,,,,,13387,64,,,,
703,13386,70,,,,,13387,25,13388,45,,
704,13386,60,,,,,13387,60,,,,
705,13385,72,,,,,13387,72,,,,
706,13385,63,,,,,13386,17,13387,46,,
707,13386,17,13385,44,,,13387,61,,,,
708,13386,17,13385,44,,,13387,61,,,,
709,13386,22,13385,31,,,13387,53,,,,
710,13385,49,,,,,13386,49,,,,
711,13385,56,,,,,13387,56,,,,
712,13384,69,,,,,13385,69,,,,
713,13383,71,,,,,13385,71,,,,
714,13384,51,,,,,13385,51,,,,
715,13384,23,13383,41,,,13385,64,,,,
716,13384,22,13383,37,,,13385,59,,,,
717,13384,21,13383,40,,,13385,61,,,,
718,13384,63,,,,,13385,63,,,,
719,13384,64,,,,,13385,64,,,,
720,13384,76,,,,,13385,76,,,,
721,13384,17,13383,48,,,13385,65,,,,
722,13384,71,,,,,13385,71,,,,
723,13385,71,,,,,13386,71,,,,
724,13385,17,13384,35,,,13386,52,,,,
725,13384,67,,,,,13386,67,,,,
726,13384,65,,,,,13386,65,,,,
727,13384,66,,,,,13385,25,13386,41,,
728,13384,49,,,,,13385,49,,,,
729,13384,60,,,,,13385,60,,,,
730,13383,57,,,,,13385,57,,,,
731,13383,52,,,,,13384,52,,,,
732,13383,48,,,,,13384,48,,,,
733,13383,51,,,,,13384,51,,,,
734,13383,25,13382,44,,,13384,69,,,,
735,13383,23,13382,44,,,13384,67,,,,
736,13382,66,,,,,13384,66,,,,
737,13382,62,,,,,13383,26,13384,36,,
738,13382,55,,,,,13384,55,,,,
739,13382,74,,,,,13384,74,,,,
740,13382,73,,,,,13383,24,13384,49,,
741,13382,67,,,,,13383,19,13384,48,,
742,13381,51,,,,,13382,51,,,,
743,13380,58,,,,,13381,20,13382,38,,
744,13380,65,,,,,13382,65,,,,
745,13381,62,,,,,13382,16,13383,46,,
746,13381,18,13380,49,,,13382,67,,,,
747,13380,77,,,,,13381,77,,,,
748,13380,27,13379,47,,,13381,74,,,,
749,13379,61,,,,,13380,61,,,,
750,13378,62,,,,,13379,65,,,,
751,13378,68,,,,,13379,68,,,,
752,13378,73,,,,,13380,73,,,,
753,13378,48,,,,,13380,48,,,,
754,13378,74,,,,,13380,74,,,,
755,13379,16,13378,44,,,13380,60,,,,
756,13379,63,,,,,13380,63,,,,
757,13379,27,13378,37,,,13380,64,,,,
758,13379,60,,,,,13380,60,,,,
759,13379,57,,,,,13380,57,,,,
760,13379,51,,,,,13380,51,,,,
761,13379,69,,,,,13380,69,,,,
762,13379,17,13378,37,,,13380,54,,,,
763,13378,52,,,,,13380,52,,,,
764,13378,72,,,,,13379,30,13380,42,,
765,13377,66,,,,,13379,66,,,,
766,13378,66,,,,,13379,23,13380,43,,
767,13379,71,,,,,13380,71,,,,
768,13379,67,,,,,13380,24,13381,43,,
769,13379,61,,,,,13380,27,13381,34,,
770,13380,26,13379,31,,,13381,57,,,,
771,13380,19,13379,35,,,13381,54,,,,
772,13382,67,,,,,13383,67,,,,
773,13382,56,,,,,13383,56,,,,
774,13382,57,,,,,13383,57,,,,
775,13382,75,,,,,13383,75,,,,
776,13380,30,13379,48,,,13381,78,,,,
777,13378,55,,,,,13380,55,,,,
778,13378,61,,,,,13380,61,,,,
779,13378,50,,,,,13380,50,,,,
780,13377,25,13376,49,,,13378,74,,,,
781,13377,68,,,,,13378,18,13379,50,,
782,13376,66,,,,,13377,26,13378,40,,
783,13374,53,,,,,13376,53,,,,
784,13375,65,,,,,13376,65,,,,
785,13373,70,,,,,13375,70,,,,
786,13374,70,,,,,13376,70,,,,
787,13375,57,,,,,13376,23,13377,34,,
788,13375,56,,,,,13377,56,,,,
789,13376,68,,,,,13377,68,,,,
790,13375,59,,,,,13376,16,13377,43,,
791,13375,59,,,,,13376,59,,,,
792,13376,63,,,,,13377,63,,,,
793,13375,61,,,,,13376,26,13377,35,,
794,13376,17,13375,39,,,13377,56,,,,
795,13378,25,13377,41,,,13379,66,,,,
796,13378,66,,,,,13379,24,13380,42,,
797,13378,57,,,,,13380,63,,,,
798,13379,27,13378,32,,,13380,59,,,,
799,13378,64,,,,,13379,18,13380,46,,
800,13379,17,13378,45,,,13380,62,,,,
801,13379,66,,,,,13380,24,13381,42,,
802,13379,54,,,,,13380,54,,,,
803,13381,72,,,,,13383,72,,,,
804,13381,60,,,,,13383,60,,,,
805,13380,51,,,,,13381,51,,,,
806,13380,55,,,,,13381,22,13382,33,,
807,13379,69,,,,,13381,69,,,,
808,13379,47,,,,,13380,16,13381,31,,
809,13379,59,,,,,13380,16,13381,43,,
810,13379,74,,,,,13381,74,,,,
811,13380,55,,,,,13381,55,,,,
812,13379,65,,,,,13381,65,,,,
813,13380,27,13379,44,,,13381,71,,,,
814,13380,56,,,,,13381,16,13382,40,,
815,13380,50,,,,,13381,50,,,,
816,13379,69,,,,,13381,69,,,,
817,13379,62,,,,,13380,27,13381,35,,
818,13378,59,,,,,13379,28,13380,31,,
819,13376,63,,,,,13377,63,,,,
820,13376,64,,,,,13377,64,,,,
821,13375,72,,,,,13377,72,,,,
822,13376,60,,,,,13377,60,,,,
823,13375,70,,,,,13376,26,13377,44,,
824,13375,59,,,,,13376,59,,,,
825,13375,68,,,,,13377,68,,,,
826,13377,18,13376,46,,,13378,64,,,,
827,13376,57,,,,,13377,57,,,,
828,13376,53,,,,,13378,53,,,,
829,13376,68,,,,,13378,68,,,,
830,13376,75,,,,,13378,75,,,,
831,13378,30,13377,45,,,13379,75,,,,
832,13377,63,,,,,13379,63,,,,
833,13377,67,,,,,13379,67,,,,
834,13377,30,13376,41,,,13378,71,,,,
835,13376,62,,,,,13377,10,13378,62,,
836,13377,68,,,,,13378,68,,,,
837,13376,72,,,,,13377,72,,,,
838,13376,64,,,,,13377,17,13378,47,,
839,13376,55,,,,,13377,17,13378,38,,
840,13376,69,,,,,13377,22,13378,47,,
841,13376,75,,,,,13377,71,,,,
842,13376,71,,,,,13377,71,,,,
843,13376,25,13375,36,,,13377,61,,,,
844,13376,60,,,,,13377,60,,,,
845,13377,27,13376,33,,,13378,60,,,,
846,13379,60,,,,,13380,60,,,,
847,13378,49,,,,,13380,49,,,,
848,13378,49,,,,,13380,49,,,,
849,13378,25,13377,34,,,13379,59,,,,
850,13378,16,13377,48,,,13379,64,,,,
851,13376,52,,,,,13377,52,,,,
852,13376,61,,,,,13378,61,,,,
853,13376,49,,,,,13378,49,,,,
854,13376,57,,,,,13377,17,13378,40,,
855,13376,60,,,,,13378,60,,,,
856,13377,60,,,,,13379,60,,,,
857,13379,56,,,,,13380,56,,,,
858,13379,73,,,,,13380,27,13381,46,,
859,13379,65,,,,,13380,18,13381,47,,
860,13379,52,,,,,13380,52,,,,
861,13379,71,,,,,13380,71,,,,
862,13379,61,,,,,13380,61,,,,
863,13379,54,,,,,13380,54,,,,
864,13378,74,,,,,13379,74,,,,
865,13378,53,,,,,13379,53,,,,
866,13378,24,13377,34,,,13379,58,,,,
867,13376,63,,,,,13377,21,13378,42,,
868,13373,78,,,,,13375,78,,,,
869,13373,71,,,,,13375,71,,,,
870,13373,29,13372,32,,,13374,61,,,,
871,13373,18,13372,35,,,13374,53,,,,
872,13373,68,,,,,13374,68,,,,
873,13372,71,,,,,13373,25,13374,46,,
874,13372,61,,,,,13374,61,,,,
875,13373,57,,,,,13375,57,,,,
876,13372,72,,,,,13373,72,,,,
877,13371,56,,,,,13372,26,13373,30,,
878,13371,56,,,,,13372,25,13373,31,,
879,13371,75,,,,,13372,28,13373,47,,
880,13371,70,,,,,13372,23,13373,47,,
881,13370,57,,,,,13372,57,,,,
882,13370,17,13369,41,,,13371,67,,,,
883,13368,52,,,,,13370,52,,,,
884,13368,25,13367,50,,,13369,75,,,,
885,13367,66,,,,,13369,66,,,,
886,13366,77,,,,,13367,77,,,,
887,13366,74,,,,,13367,29,13368,45,,
888,13366,26,13365,33,,,13367,59,,,,
889,13366,76,,,,,13368,76,,,,
890,13366,61,,,,,13368,61,,,,
891,13367,65,,,,,13368,23,13369,42,,
892,13368,61,,,,,13369,21,13370,40,,
893,13369,69,,,,,13371,69,,,,
894,13369,73,,,,,13370,73,,,,
895,13369,26,13368,43,,,13370,69,,,,
896,13369,25,13368,50,,,13370,75,,,,
897,13368,56,,,,,13370,56,,,,
898,13368,63,,,,,13370,63,,,,
899,13369,22,13368,33,,,13370,55,,,,
900,13369,15,13368,36,,,13370,51,,,,
901,13368,78,,,,,13370,78,,,,
902,13368,63,,,,,13370,63,,,,
903,13368,61,,,,,13370,61,,,,
904,13369,54,,,,,13370,54,,,,
905,13368,73,,,,,13370,73,,,,
906,13368,65,,,,,13370,65,,,,
907,13368,63,,,,,13369,63,,,,
908,13368,77,,,,,13369,77,,,,
909,13368,62,,,,,13369,62,,,,
910,13368,28,13367,38,,,13369,66,,,,
911,13368,70,,,,,13369,70,,,,
912,13367,27,13366,35,,,13368,62,,,,
913,13367,30,13366,48,,,13368,78,,,,
914,13366,51,,,,,13368,51,,,,
915,13368,68,,,,,13369,68,,,,
916,13369,68,,,,,13370,68,,,,
917,13369,58,,,,,13371,58,,,,
918,13369,67,,,,,13371,67,,,,
919,13370,73,,,,,13371,30,13372,43,,
920,13372,18,13371,38,,,13373,56,,,,
921,13372,28,13371,34,,,13373,62,,,,
922,13370,66,,,,,13371,25,13372,41,,
923,13369,74,,,,,13371,74,,,,
924,13369,56,,,,,13371,56,,,,
925,13369,64,,,,,13370,64,,,,
926,13369,66,,,,,13370,66,,,,
927,13369,63,,,,,13370,26,13371,37,,
928,13369,70,,,,,13370,6,13371,70,,
929,13371,68,,,,,13372,20,13373,48,,
930,13371,20,13370,35,,,13372,55,,,,
931,13370,73,,,,,13371,25,13372,48,,
932,13371,26,13370,31,,,13372,57,,,,
933,13370,49,,,,,13372,49,,,,
934,13372,68,,,,,13373,68,,,,
935,13373,70,,,,,13374,22,13375,48,,
936,13372,49,,,,,13374,49,,,,
937,13372,73,,,,,13373,73,,,,
938,13371,58,,,,,13372,26,13373,32,,
939,13371,30,13370,32,,,13372,62,,,,
940,13372,52,,,,,13374,52,,,,
941,13372,65,,,,,13374,65,,,,
942,13373,25,13372,39,,,13374,64,,,,
943,13373,75,,,,,13374,75,,,,
944,13373,58,,,,,13374,58,,,,
945,13371,60,,,,,13372,20,13373,40,,
946,13369,55,,,,,13370,55,,,,
947,13367,69,,,,,13369,69,,,,
948,13363,61,,,,,13365,61,,,,
949,13360,57,,,,,13361,57,,,,
950,13358,68,,,,,13359,27,13360,41,,
951,13360,15,13359,44,,,13361,59,,,,
952,13359,65,,,,,13360,65,,,,
953,13358,30,13357,46,,,13359,76,,,,
954,13359,75,,,,,13361,75,,,,
955,13359,67,,,,,13360,27,13361,40,,
956,13360,24,13359,41,,,13361,65,,,,
957,13359,27,13358,37,,,13360,64,,,,
958,13359,60,,,,,13361,60,,,,
959,13361,28,13360,48,,,13362,76,,,,
960,13360,65,,,,,13361,65,,,,
961,13362,22,13361,38,,,13363,60,,,,
962,13362,67,,,,,13363,23,13364,44,,
963,13362,62,,,,,13363,62,,,,
964,13361,64,,,,,13363,64,,,,
965,13362,24,13361,47,,,13363,71,,,,
966,13363,78,,,,,13365,78,,,,
967,13364,26,13363,32,,,13365,58,,,,
968,13363,64,,,,,13365,64,,,,
969,13364,52,,,,,13366,52,,,,
970,13363,63,,,,,13365,63,,,,
971,13364,64,,,,,13366,64,,,,
972,13365,66,,,,,13366,66,,,,
973,13365,61,,,,,13367,61,,,,
974,13365,66,,,,,13366,24,13367,42,,
975,13365,63,,,,,13366,63,,,,
976,13365,60,,,,,13366,60,,,,
977,13363,53,,,,,13365,53,,,,
978,13363,19,13362,44,,,13364,63,,,,
979,13363,51,,,,,13364,51,,,,
980,13363,75,,,,,13364,25,13365,50,,
981,13364,59,,,,,13365,59,,,,
982,13364,16,13363,32,,,13365,48,,,,
983,13364,59,,,,,13365,59,,,,
984,13364,73,,,,,13365,73,,,,
985,13363,60,,,,,13365,60,,,,
986,13367,73,,,,,13368,73,,,,
987,13366,58,,,,,13368,58,,,,
988,13366,65,,,,,13368,65,,,,
989,13367,69,,,,,13368,69,,,,
990,13367,39,13366,36,,,13368,65,,,,
991,13366,61,,,,,13367,61,,,,
992,13366,64,,,,,13367,64,,,,
993,13366,67,,,,,13367,67,,,,
994,13366,28,13365,46,,,13367,74,,,,
995,13365,53,,,,,13366,23,13367,30,,
996,13366,50,,,,,13367,57,,,,
997,13367,29,13366,47,,,13368,76,,,,
998,13367,24,13366,46,,,13368,70,,,,
999,13366,75,,,,,13368,75,,,,
1000,13369,76,,,,,13371,76,,,,
1001,13371,19,13370,37,,,13372,56,,,,
1002,13372,65,,,,,13373,30,13374,35,,
1003,13370,65,,,,,13371,65,,,,
1004,13369,52,,,,,13370,16,13371,36,,
1005,13369,63,,,,,13370,63,,,,
1006,13370,57,,,,,13371,57,,,,
1007,13370,23,13369,46,,,13371,69,,,,
1008,13370,78,,,,,13371,78,,,,
1009,13370,17,13369,44,,,13371,61,,,,
1010,13371,60,,,,,13372,25,13373,35,,
1011,13371,28,13370,33,,,13372,61,,,,
1012,13373,58,,,,,13375,58,,,,
1013,13375,48,,,,,13376,48,,,,
1014,13375,69,,,,,13376,69,,,,
1015,13375,15,13374,31,,,13376,46,,,,
1016,13373,58,,,,,13374,58,,,,
1017,13373,23,13372,38,,,13374,61,,,,
1018,13373,68,,,,,13374,68,,,,
1019,13372,48,,,,,13374,48,,,,
1020,13372,57,,,,,13373,17,13374,40,,
1021,13372,62,,,,,13373,62,,,,
1022,13372,25,13371,32,,,13373,57,,,,
1023,13371,66,,,,,13373,66,,,,
1024,13371,53,,,,,13373,53,,,,
1025,13372,63,,,,,13373,63,,,,
1026,13373,71,,,,,13374,71,,,,
1027,13374,61,,,,,13375,61,,,,
1028,13374,70,,,,,13375,22,13376,48,,
1029,13375,60,,,,,13376,60,,,,
1030,13375,26,13374,32,,,13376,58,,,,
1031,13375,20,13374,34,,,13376,62,,,,
1032,13374,20,13373,30,,,13375,50,,,,
1033,13373,72,,,,,13375,72,,,,
1034,13373,69,,,,,13374,69,,,,
1035,13372,51,,,,,13374,51,,,,
1036,13373,25,13372,48,,,13374,73,,,,
1037,13373,50,,,,,13374,50,,,,
1038,13373,72,,,,,13374,27,13375,45,,
1039,13373,55,,,,,13374,16,13375,39,,
1040,13374,64,,,,,13375,26,13376,38,,
1041,13374,66,,,,,13376,66,,,,
1042,13375,75,,,,,13376,75,,,,
1043,13375,68,,,,,13376,23,13377,45,,
1044,13375,66,,,,,13377,66,,,,
1045,13376,72,,,,,13378,72,,,,
1046,13378,4,13377,46,,,13379,61,,,,
1047,13376,65,,,,,13377,65,,,,
1048,13376,67,,,,,13377,20,13378,47,,
1049,13377,15,13376,34,,,13378,49,,,,
1050,13373,62,,,,,13374,30,13375,32,,
1051,13372,63,,,,,13373,25,13374,38,,
1052,13372,55,,,,,13373,55,,,,
1053,13372,60,,,,,13373,29,13374,31,,
1054,13373,67,,,,,13374,67,,,,
1055,13373,61,,,,,13374,61,,,,
1056,13372,71,,,,,13374,71,,,,
1057,13372,62,,,,,13374,62,,,,
1058,13373,61,,,,,13374,15,13375,46,,
1059,13372,56,,,,,13373,56,,,,
1060,13372,74,,,,,13374,74,,,,
1061,13373,61,,,,,13374,61,,,,
1062,13373,64,,,,,13374,64,,,,
1063,13374,76,,,,,13376,76,,,,
1064,13374,68,,,,,13375,24,13376,44,,
1065,13373,53,,,,,13375,53,,,,
1066,13373,21,13372,46,,,13374,67,,,,
1067,13372,62,,,,,13374,62,,,,
1068,13371,66,,,,,13373,66,,,,
1069,13371,62,,,,,13372,18,13373,44,,
1070,13370,62,,,,,13371,16,13372,46,,
1071,13370,22,13369,37,,,13371,59,,,,
1072,13370,59,,,,,13371,59,,,,
1073,13370,70,,,,,13371,30,13372,40,,
1074,13371,72,,,,,13372,72,,,,
1075,13371,67,,,,,13372,67,,,,
1076,13370,50,,,,,13371,50,,,,
1077,13369,55,,,,,13370,55,,,,
1078,13367,69,,,,,13368,69,,,,
1079,13367,71,,,,,13368,61,,,,
1080,13367,29,13366,35,,,13368,64,,,,
1081,13366,25,13365,48,,,13367,73,,,,
1082,13365,61,,,,,13366,58,,,,
1083,13365,59,,,,,13366,26,13367,33,,
1084,13365,54,,,,,13366,54,,,,
1085,13365,59,,,,,13366,59,,,,
1086,13365,28,13364,33,,,13366,61,,,,
1087,13365,54,,,,,13366,19,13367,35,,
1088,13366,53,,,,,13367,53,,,,
1089,13365,51,,,,,13367,51,,,,
1090,13366,74,,,,,13367,74,,,,
1091,13366,53,,,,,13367,53,,,,
1092,13366,21,13365,46,,,13367,67,,,,
1093,13365,75,,,,,13366,75,,,,
1094,13365,64,,,,,13366,64,,,,
1095,13364,63,,,,,13366,63,,,,
1096,13363,47,,,,,13365,47,,,,
1097,13363,61,,,,,13364,19,13365,42,,
1098,13364,20,13363,44,,,13365,64,,,,
1099,13364,54,,,,,13365,54,,,,
1100,13364,61,,,,,13365,61,,,,
1101,13364,27,13363,42,,,13365,69,,,,
1102,13364,55,,,,,13366,55,,,,
1103,13363,68,,,,,13365,68,,,,
1104,13364,15,13363,39,,,13365,54,,,,
1105,13363,73,,,,,13365,73,,,,
1106,13363,53,,,,,13364,19,13365,34,,
1107,13364,68,,,,,13366,68,,,,
1108,13363,67,,,,,13364,29,13365,38,,
1109,13363,57,,,,,13365,57,,,,
1110,13363,68,,,,,13365,68,,,,
1111,13363,66,,,,,13364,66,,,,
1112,13364,54,,,,,13365,54,,,,
1113,13363,75,,,,,13364,75,,,,
1114,13363,59,,,,,13364,59,,,,
1115,13362,59,,,,,13363,59,,,,
1116,13361,72,,,,,13363,72,,,,
1117,13360,63,,,,,13361,63,,,,
1118,13361,58,,,,,13363,58,,,,
1119,13360,60,,,,,13362,60,,,,
1120,13359,62,,,,,13360,24,13361,38,,
1121,13359,49,,,,,13360,49,,,,
1122,13359,30,13358,33,,,13360,63,,,,
1123,13360,47,,,,,13361,47,,,,
1124,13360,57,,,,,13361,57,,,,
1125,13357,55,,,,,13358,55,,,,
1126,13357,16,13356,40,,,13358,56,,,,
1127,13357,70,,,,,13358,70,,,,
1128,13357,70,,,,,13358,21,13359,49,,
1129,13357,64,,,,,13359,64,,,,
1130,13357,58,,,,,13358,58,,,,
1131,13357,50,,,,,13358,50,,,,
1132,13357,71,,,,,13358,27,13359,44,,
1133,13359,61,,,,,13360,18,13361,43,,
1134,13360,56,,,,,13361,56,,,,
1135,13359,73,,,,,13360,73,,,,
1136,13359,23,13358,31,,,13360,54,,,,
1137,13357,76,,,,,13359,76,,,,
1138,13358,20,13357,50,,,13359,70,,,,
1139,13357,52,,,,,13359,52,,,,
1140,13357,69,,,,,13358,22,13359,47,,
1141,13358,22,13357,30,,,13359,52,,,,
1142,13357,82,,,,,13358,22,13359,49,,
1143,13356,61,,,,,13358,61,,,,
1144,13357,17,13356,50,,,13358,67,,,,
1145,13357,18,13356,30,,,13358,48,,,,
1146,13356,65,,,,,13358,65,,,,
1147,13356,67,,,,,13357,20,13358,47,,
1148,13356,61,,,,,13357,61,,,,
1149,13356,71,,,,,13357,71,,,,
1150,13355,60,,,,,13357,60,,,,
1151,13356,69,,,,,13357,24,13358,45,,
1152,13356,63,,,,,13358,63,,,,
1153,13356,67,,,,,13357,19,13358,48,,
1154,13356,59,,,,,13357,59,,,,
1155,13356,22,13355,32,,,13357,54,,,,
1156,13356,49,,,,,13357,49,,,,
1157,13356,18,13355,42,,,13357,60,,,,
1158,13358,18,13357,45,,,13359,63,,,,
1159,13362,63,,,,,13363,63,,,,
1160,13361,79,,,,,13363,79,,,,
1161,13361,55,,,,,13362,17,13363,38,,
1162,13360,50,,,,,13362,50,,,,
1163,13361,74,,,,,13362,29,13363,45,,
1164,13363,25,13362,48,,,13364,73,,,,
1165,13363,53,,,,,13364,53,,,,
1166,13364,24,13363,38,,,13365,62,,,,
1167,13365,26,13364,48,,,13366,74,,,,
1168,13365,29,13364,36,,,13366,65,,,,
1169,13364,54,,,,,13365,18,13366,36,,
1170,13362,69,,,,,13363,69,,,,
1171,13362,64,,,,,13363,64,,,,
1172,13362,59,,,,,13363,18,13364,41,,
1173,13363,18,13362,31,,,13364,49,,,,
1174,13363,74,,,,,13364,26,13365,48,,
1175,13361,73,,,,,13362,24,13363,49,,
1176,13361,69,,,,,13362,69,,,,
1177,13362,65,,,,,13363,65,,,,
1178,13362,16,13361,36,,,13363,52,,,,
1179,13362,30,13361,49,,,13363,79,,,,
1180,13362,70,,,,,13363,28,13364,42,,
1181,13363,16,13362,45,,,13364,61,,,,
1182,13363,65,,,,,13364,65,,,,
1183,13365,21,13364,42,,,13366,63,,,,
1184,13366,30,13365,43,,,13367,73,,,,
1185,13369,17,13368,35,,,13370,52,,,,
1186,13368,73,,,,,13369,73,,,,
1187,13369,29,13368,40,,,13370,69,,,,
1188,13368,61,,,,,13369,61,,,,
1189,13368,59,,,,,13369,29,13370,30,,
1190,13368,68,,,,,13370,68,,,,
1191,13371,22,13370,40,,,13372,62,,,,
1192,13371,20,13370,49,,,13372,69,,,,
1193,13369,51,,,,,13370,17,13371,34,,
1194,13369,77,,,,,13371,77,,,,
1195,13369,74,,,,,13371,74,,,,
1196,13370,68,,,,,13371,68,,,,
1197,13371,15,13370,50,,,13372,65,,,,
1198,13372,65,,,,,13373,65,,,,
1199,13373,59,,,,,13374,59,,,,
1200,13373,76,,,,,13374,76,,,,
1201,13374,69,,,,,13375,69,,,,
1202,13373,61,,,,,13374,26,13375,35,,
1203,13373,66,,,,,13374,66,,,,
1204,13373,75,,,,,13375,75,,,,
1205,13374,30,13373,31,,,13375,61,,,,
1206,13374,62,,,,,13375,62,,,,
1207,13376,21,13375,37,,,13377,58,,,,
1208,13375,54,,,,,13377,54,,,,
1209,13376,63,,,,,13378,63,,,,
1210,13375,63,,,,,13376,27,13377,36,,
1211,13376,17,13375,30,,,13377,47,,,,
1212,13375,75,,,,,13376,26,13377,49,,
1213,13375,55,,,,,13377,55,,,,
1214,13375,55,,,,,13376,23,13377,32,,
1215,13376,69,,,,,13377,19,13378,50,,
1216,13377,66,,,,,13379,66,,,,
1217,13376,53,,,,,13377,53,,,,
1218,13376,52,,,,,13378,52,,,,
1219,13376,65,,,,,13378,65,,,,
1220,13377,71,,,,,13378,71,,,,
1221,13377,62,,,,,13378,62,,,,
1222,13378,62,,,,,13379,28,13380,34,,
1223,13379,70,,,,,13380,22,13381,48,,
1224,13380,61,,,,,13381,61,,,,
1225,13380,72,,,,,13381,72,,,,
1226,13380,15,13379,33,,,13381,48,,,,
1227,13379,65,,,,,13381,65,,,,
1228,13379,57,,,,,13380,57,,,,
1229,13379,67,,,,,13381,67,,,,
1230,13379,49,,,,,13381,49,,,,
1231,13379,57,,,,,13380,57,,,,
1232,13379,62,,,,,13380,62,,,,
1233,13379,70,,,,,13380,70,,,,
1234,13379,59,,,,,13380,16,13381,43,,
1235,13379,77,,,,,13380,27,13381,50,,
1236,13379,51,,,,,13381,51,,,,
1237,13380,20,13379,49,,,13381,69,,,,
1238,13380,22,13379,47,,,13381,69,,,,
1239,13380,67,,,,,13381,67,,,,
1240,13380,67,,,,,13381,67,,,,
1241,13380,53,,,,,13381,17,13382,30,,
1242,13380,60,,,,,13381,60,,,,
1243,13380,51,,,,,13381,51,,,,
1244,13380,68,,,,,13382,68,,,,
1245,13380,61,,,,,13381,61,,,,
1246,13380,57,,,,,13381,57,,,,
1247,13380,58,,,,,13381,58,,,,
1248,13380,71,,,,,13381,30,13382,41,,
1249,13380,67,,,,,13381,67,,,,
1250,13379,59,,,,,13380,28,13381,31,,
1251,13379,54,,,,,13381,54,,,,
1252,13379,22,13378,37,,,13380,59,,,,
1253,13377,74,,,,,13379,74,,,,
1254,13375,67,,,,,13376,67,,,,
1255,13374,55,,,,,13376,55,,,,
1256,13375,60,,,,,13377,60,,,,
1257,13375,27,13374,46,,,13376,73,,,,
1258,13375,78,,,,,13376,78,,,,
1259,13375,65,,,,,13376,65,,,,
1260,13374,65,,,,,13376,65,,,,
1261,13375,8,13374,54,,,13376,54,,,,
1262,13375,24,13374,44,,,13376,68,,,,
1263,13375,69,,,,,13376,69,,,,
1264,13375,52,,,,,13376,52,,,,
1265,13375,72,,,,,13376,72,,,,
1266,13375,28,13374,39,,,13376,67,,,,
1267,13375,77,,,,,13376,77,,,,
1268,13375,67,,,,,13376,67,,,,
1269,13375,60,,,,,13376,27,13377,33,,
1270,13375,65,,,,,13376,65,,,,
1271,13375,69,,,,,13377,69,,,,
1272,13375,27,13374,33,,,13376,60,,,,
1273,13375,58,,,,,13376,58,,,,
1274,13374,58,,,,,13375,58,,,,
1275,13373,63,,,,,13375,63,,,,
1276,13373,71,,,,,13374,24,13375,47,,
1277,13374,56,,,,,13375,56,,,,
1278,13374,63,,,,,13375,63,,,,
1279,13374,20,13373,42,,,13375,62,,,,
1280,13374,67,,,,,13375,67,,,,
1281,13374,50,,,,,13375,19,13376,31,,
1282,13375,49,,,,,13376,19,13377,30,,
1283,13375,64,,,,,13377,64,,,,
1284,13375,67,,,,,13376,17,13377,50,,
1285,13375,30,13374,31,,,13376,61,,,,
1286,13374,58,,,,,13375,22,13376,36,,
1287,13374,48,,,,,13375,48,,,,
1288,13374,68,,,,,13375,68,,,,
1289,13373,64,,,,,13375,64,,,,
1290,13373,54,,,,,13374,18,13375,36,,
1291,13372,30,13371,47,,,13373,77,,,,
1292,13371,79,,,,,13373,79,,,,
1293,13368,67,,,,,13369,19,13370,48,,
1294,13366,39,,,,,13367,47,,,,
1295,13365,77,,,,,13367,77,,,,
1296,13365,61,,,,,13366,22,13367,39,,
1297,13364,71,,,,,13366,71,,,,
1298,13364,70,,,,,13366,70,,,,
1299,13364,58,,,,,13365,58,,,,
1300,13364,68,,,,,13365,68,,,,
1301,13363,67,,,,,13364,27,13365,40,,
1302,13364,18,13363,45,,,13365,63,,,,
1303,13363,68,,,,,13365,68,,,,
1304,13363,59,,,,,13364,59,,,,
1305,13363,60,,,,,13364,60,,,,
1306,13361,66,,,,,13362,66,,,,
1307,13361,61,,,,,13362,61,,,,
1308,13362,61,,,,,13363,61,,,,
1309,13363,55,,,,,13364,55,,,,
1310,13363,17,13362,43,,,13364,60,,,,
1311,13363,69,,,,,13364,23,13365,46,,
1312,13363,67,,,,,13365,67,,,,
1313,13363,62,,,,,13364,17,13365,45,,
1314,13363,66,,,,,13364,66,,,,
1315,13364,59,,,,,13366,59,,,,
1316,13364,53,,,,,13365,20,13366,33,,
1317,13364,79,,,,,13365,79,,,,
1318,13364,55,,,,,13365,23,13366,32,,
1319,13365,64,,,,,13366,64,,,,
1320,13365,57,,,,,13366,57,,,,
1321,13365,78,,,,,13366,78,,,,
1322,13366,61,,,,,13367,18,13368,43,,
1323,13366,76,,,,,13367,30,13368,46,,
1324,13366,8,13365,59,,,13367,59,,,,
1325,13366,29,13365,43,,,13367,72,,,,
1326,13366,55,,,,,13367,55,,,,
1327,13366,47,,,,,13367,47,,,,
1328,13365,66,,,,,13366,28,13367,38,,
1329,13365,59,,,,,13366,59,,,,
1330,13365,25,13364,48,,,13366,73,,,,
1331,13365,18,13364,35,,,13366,53,,,,
1332,13364,66,,,,,13365,26,13366,40,,
1333,13364,60,,,,,13365,60,,,,
1334,13363,61,,,,,13365,61,,,,
1335,13363,70,,,,,13364,22,13365,48,,
1336,13363,58,,,,,13365,58,,,,
1337,13363,48,,,,,13365,48,,,,
1338,13363,78,,,,,13365,78,,,,
1339,13364,18,13363,44,,,13365,62,,,,
1340,13363,71,,,,,13365,71,,,,
1341,13363,75,,,,,13364,75,,,,
1342,13363,45,,,,,13364,45,,,,
1343,13364,61,,,,,13365,61,,,,
1344,13365,16,13364,37,,,13366,53,,,,
1345,13366,19,13365,39,,,13367,58,,,,
1346,13366,47,,,,,13367,17,13368,30,,
1347,13367,18,13366,44,,,13368,62,,,,
1348,13367,67,,,,,13368,67,,,,
1349,13366,68,,,,,13368,68,,,,
1350,13366,56,,,,,13367,15,13368,41,,
1351,13366,65,,,,,13367,26,13368,39,,
1352,13366,61,,,,,13367,61,,,,
1353,13366,62,,,,,13367,62,,,,
1354,13366,55,,,,,13368,55,,,,
1355,13367,60,,,,,13368,60,,,,
1356,13367,64,,,,,13368,64,,,,
1357,13365,77,,,,,13367,77,,,,
1358,13366,60,,,,,13367,60,,,,
1359,13365,71,,,,,13367,71,,,,
1360,13366,16,13365,42,,,13367,58,,,,
1361,13365,65,,,,,13367,65,,,,
1362,13365,59,,,,,13367,64,,,,
1363,13366,55,,,,,13367,22,13368,33,,
1364,13367,69,,,,,13368,69,,,,
1365,13368,62,,,,,13370,62,,,,
1366,13369,76,,,,,13371,76,,,,
1367,13370,25,13369,40,,,13371,65,,,,
1368,13370,23,13369,48,,,13371,71,,,,
1369,13369,53,,,,,13371,53,,,,
1370,13370,67,,,,,13371,61,,,,
1371,13369,61,,,,,13371,61,,,,
1372,13369,76,,,,,13370,76,,,,
1373,13368,71,,,,,13369,24,13370,47,,
1374,13368,52,,,,,13370,52,,,,
1375,13369,56,,,,,13370,56,,,,
1376,13368,63,,,,,13370,63,,,,
1377,13369,17,13368,41,,,13370,58,,,,
1378,13368,72,,,,,13370,72,,,,
1379,13367,50,,,,,13368,17,13369,33,,
1380,13366,46,,,,,13368,46,,,,
1381,13365,60,,,,,13366,20,13367,40,,
1382,13365,24,13364,30,,,13366,54,,,,
1383,13364,56,,,,,13366,56,,,,
1384,13365,22,13364,49,,,13366,71,,,,
1385,13364,71,,,,,13366,71,,,,
1386,13364,60,,,,,13365,25,13366,35,,
1387,13363,69,,,,,13365,69,,,,
1388,13362,47,,,,,13364,47,,,,
1389,13356,52,,,,,13358,52,,,,
1390,13358,23,13357,39,,,13359,62,,,,
1391,13357,47,,,,,13358,15,13359,32,,
1392,13356,77,,,,,13357,77,,,,
1393,13355,50,,,,,13357,50,,,,
1394,13356,17,13355,36,,,13357,53,,,,
1395,13355,60,,,,,13356,60,,,,
1396,13354,64,,,,,13355,22,13356,42,,
1397,13354,52,,,,,13355,52,,,,
1398,13353,70,,,,,13354,70,,,,
1399,13353,73,,,,,13354,73,,,,
1400,13352,65,,,,,13354,65,,,,
1401,13352,62,,,,,13354,62,,,,
1402,13355,68,,,,,13356,68,,,,
1403,13356,21,13355,38,,,13357,59,,,,
1404,13355,66,,,,,13356,19,13357,47,,
1405,13354,67,,,,,13356,67,,,,
1406,13355,72,,,,,13356,72,,,,
1407,13355,74,,,,,13356,74,,,,
1408,13354,60,,,,,13355,15,13356,45,,
1409,13354,59,,,,,13355,59,,,,
1410,13354,26,13353,42,,,13355,68,,,,
1411,13353,71,,,,,13354,71,,,,
1412,13353,63,,,,,13354,63,,,,
1413,13353,27,13352,35,,,13354,62,,,,
1414,13354,64,,,,,13355,64,,,,
1415,13354,66,,,,,13355,66,,,,
1416,13355,56,,,,,13356,56,,,,
1417,13355,65,,,,,13357,65,,,,
1418,13356,49,,,,,13358,49,,,,
1419,13358,24,13357,39,,,13359,63,,,,
1420,13355,56,,,,,13357,56,,,,
1421,13354,60,,,,,13356,60,,,,
1422,13355,23,13354,47,,,13356,70,,,,
1423,13356,27,13355,49,,,13357,76,,,,
1424,13355,58,,,,,13357,58,,,,
1425,13355,72,,,,,13356,72,,,,
1426,13355,63,,,,,13357,63,,,,
1427,13356,27,13355,45,,,13357,72,,,,
1428,13356,65,,,,,13357,65,,,,
1429,13355,57,,,,,13357,57,,,,
1430,13355,72,,,,,13357,72,,,,
1431,13355,59,,,,,13356,22,13357,37,,
1432,13355,54,,,,,13356,54,,,,
1433,13355,72,,,,,13357,72,,,,
1434,13356,65,,,,,13357,65,,,,
1435,13357,28,13356,33,,,13358,53,,,,
1436,13357,23,13356,43,,,13358,66,,,,
1437,13357,25,13356,47,,,13358,72,,,,
1438,13358,63,,,,,13359,63,,,,
1439,13358,59,,,,,13360,59,,,,
1440,13358,52,,,,,13359,52,,,,
1441,13359,56,,,,,13360,18,13361,38,,
1442,13359,63,,,,,13361,63,,,,
1443,13360,22,13359,35,,,13361,57,,,,
1444,13360,62,,,,,13362,62,,,,
1445,13361,79,,,,,13362,30,13363,49,,
1446,13363,62,,,,,13365,62,,,,
1447,13364,26,13363,50,,,13365,76,,,,
1448,13363,74,,,,,13364,74,,,,
1449,13365,64,,,,,13366,64,,,,
1450,13365,57,,,,,13366,57,,,,
1451,13363,83,,,,,13365,75,,,,
1452,13363,17,13362,49,,,13364,66,,,,
1453,13364,28,13363,37,,,13365,65,,,,
1454,13364,65,,,,,13365,65,,,,
1455,13365,20,13364,47,,,13366,67,,,,
1456,13365,53,,,,,13366,53,,,,
1457,13366,64,,,,,13367,18,13368,46,,
1458,13365,21,13364,38,,,13366,59,,,,
1459,13365,67,,,,,13366,67,,,,
1460,13366,63,,,,,13367,63,,,,
1461,13367,72,,,,,13369,72,,,,
1462,13367,67,,,,,13368,30,13369,37,,
1463,13367,15,13366,37,,,13368,52,,,,
1464,13367,63,,,,,13368,21,13369,42,,
1465,13367,16,13366,31,,,13368,47,,,,
1466,13367,64,,,,,13368,64,,,,
1467,13369,77,,,,,13371,77,,,,
1468,13370,59,,,,,13372,59,,,,
1469,13369,66,,,,,13371,66,,,,
1470,13369,67,,,,,13371,67,,,,
1471,13370,80,,,,,13371,80,,,,
1472,13372,23,13371,47,,,13373,70,,,,
1473,13371,67,,,,,13372,20,13373,47,,
1474,13371,64,,,,,13373,64,,,,
1475,13372,71,,,,,13374,71,,,,
1476,13372,63,,,,,13373,63,,,,
1477,13372,67,,,,,13373,67,,,,
1478,13371,61,,,,,13372,61,,,,
1479,13370,71,,,,,13372,71,,,,
1480,13370,52,,,,,13372,52,,,,
1481,13370,58,,,,,13371,18,13372,40,,
1482,13370,73,,,,,13372,73,,,,
1483,13370,65,,,,,13371,11,13372,65,,
1484,13371,50,,,,,13373,50,,,,
1485,13372,26,13371,48,,,13373,74,,,,
1486,13371,74,,,,,13372,74,,,,
1487,13371,56,,,,,13372,19,13373,37,,
1488,13372,55,,,,,13373,55,,,,
1489,13372,58,,,,,13373,58,,,,
1490,13371,66,,,,,13372,66,,,,
1491,13372,73,,,,,13373,73,,,,
1492,13372,71,,,,,13373,71,,,,
1493,13373,63,,,,,13374,63,,,,
1494,13373,59,,,,,13374,59,,,,
1495,13373,57,,,,,13374,57,,,,
1496,13372,60,,,,,13373,60,,,,
1497,13372,76,,,,,13373,76,,,,
1498,13372,60,,,,,13373,60,,,,
1499,13372,68,,,,,13374,68,,,,
1500,13372,63,,,,,13373,23,13374,35,,
1501,13373,61,,,,,13374,22,13375,39,,
1502,13374,60,,,,,13376,60,,,,
1503,13374,51,,,,,13376,51,,,,
1504,13375,27,13374,43,,,13376,70,,,,
1505,13375,18,13374,36,,,13376,54,,,,
1506,13375,56,,,,,13376,56,,,,
1507,13375,54,,,,,13376,54,,,,
1508,13375,70,,,,,13376,70,,,,
1509,13375,64,,,,,13376,29,13377,35,,
1510,13378,23,13377,34,,,13379,57,,,,
1511,13377,45,,,,,13378,15,13379,30,,
1512,13377,71,,,,,13379,71,,,,
1513,13378,23,13377,32,,,13379,55,,,,
1514,13378,18,13377,49,,,13379,67,,,,
1515,13378,74,,,,,13379,74,,,,
1516,13379,24,13378,41,,,13380,65,,,,
1517,13378,56,,,,,13379,56,,,,
1518,13378,55,,,,,13379,19,13380,36,,
1519,13374,53,,,,,13375,15,13376,38,,
1520,13376,62,,,,,13377,62,,,,
1521,13376,53,,,,,13377,17,13378,36,,
1522,13376,49,,,,,13377,49,,,,
1523,13378,55,,,,,13379,16,13380,39,,
1524,13378,61,,,,,13379,61,,,,
1525,13378,26,13377,44,,,13379,70,,,,
1526,13378,61,,,,,13379,23,13380,38,,
1527,13378,47,,,,,13379,47,,,,
1528,13376,62,,,,,13377,16,13378,46,,
1529,13376,61,,,,,13378,61,,,,
1530,13377,60,,,,,13378,60,,,,
1531,13376,54,,,,,13377,19,13378,35,,
1532,13376,60,,,,,13378,60,,,,
1533,13376,59,,,,,13378,59,,,,
1534,13377,26,13376,40,,,13378,66,,,,
1535,13378,57,,,,,13379,57,,,,
1536,13380,25,13379,45,,,13381,70,,,,
1537,13380,62,,,,,13381,62,,,,
1538,13380,71,,,,,13381,64,,,,
1539,13382,76,,,,,13383,76,,,,
1540,13382,62,,,,,13384,62,,,,
1541,13383,55,,,,,13384,24,13385,31,,
1542,13383,22,13382,30,,,13384,52,,,,
1543,13383,26,13382,33,,,13384,59,,,,
1544,13383,66,,,,,13384,66,,,,
1545,13382,49,,,,,13383,18,13384,31,,
1546,13382,62,,,,,13383,28,13384,34,,
1547,13382,63,,,,,13383,63,,,,
1548,13383,15,13382,45,,,13384,67,,,,
1549,13384,26,13383,37,,,13385,63,,,,
1550,13384,56,,,,,13385,56,,,,
1551,13383,56,,,,,13385,56,,,,
1552,13383,52,,,,,13385,52,,,,
1553,13383,70,,,,,13384,70,,,,
1554,13382,71,,,,,13383,71,,,,
1555,13380,68,,,,,13381,20,13382,48,,
1556,13380,62,,,,,13382,62,,,,
1557,13381,62,,,,,13383,62,,,,
1558,13381,62,,,,,13382,25,13383,37,,
1559,13381,26,13380,34,,,13382,60,,,,
1560,13381,66,,,,,13382,66,,,,
1561,13381,50,,,,,13382,50,,,,
1562,13381,71,,,,,13382,71,,,,
1563,13380,52,,,,,13382,52,,,,
1564,13380,62,,,,,13381,28,13382,34,,
1565,13380,65,,,,,13381,15,13382,50,,
1566,13380,57,,,,,13381,57,,,,
1567,13380,63,,,,,13381,63,,,,
1568,13380,25,13379,47,,,13381,72,,,,
1569,13378,69,,,,,13379,69,,,,
1570,13378,74,,,,,13379,30,13380,44,,
1571,13379,65,,,,,13380,16,13381,49,,
1572,13379,67,,,,,13380,67,,,,
1573,13380,56,,,,,13381,56,,,,
1574,13382,21,13381,50,,,13383,71,,,,
1575,13382,17,13381,36,,,13383,53,,,,
1576,13382,51,,,,,13383,51,,,,
1577,13383,60,,,,,13385,60,,,,
1578,13384,52,,,,,13385,52,,,,
1579,13385,62,,,,,13387,62,,,,
1580,13387,21,13386,45,,,13388,66,,,,
1581,13390,29,13389,38,,,13391,67,,,,
1582,13390,28,13389,36,,,13391,64,,,,
1583,13389,50,,,,,13391,50,,,,
1584,13389,69,,,,,13390,30,13391,39,,
1585,13389,46,,,,,13391,46,,,,
1586,13390,29,13389,40,,,13391,69,,,,
1587,13389,59,,,,,13391,59,,,,
1588,13388,58,,,,,13389,58,,,,
1589,13389,28,13388,38,,,13390,66,,,,
1590,13389,46,,,,,13390,46,,,,
1591,13388,53,,,,,13390,53,,,,
1592,13389,69,,,,,13390,28,13391,41,,
1593,13388,80,,,,,13390,80,,,,
1594,13389,66,,,,,13390,66,,,,
1595,13389,74,,,,,13390,68,,,,
1596,13388,63,,,,,13390,63,,,,
1597,13389,68,,,,,13390,68,,,,
1598,13389,65,,,,,13390,65,,,,
1599,13387,69,,,,,13389,69,,,,
1600,13387,63,,,,,13389,63,,,,
1601,13388,22,13387,39,,,13389,61,,,,
1602,13388,62,,,,,13389,62,,,,
1603,13388,62,,,,,13389,62,,,,
1604,13386,69,,,,,13387,69,,,,
1605,13386,30,13385,44,,,13387,74,,,,
1606,13387,61,,,,,13388,61,,,,
1607,13387,70,,,,,13388,28,13389,42,,
1608,13387,51,,,,,13388,17,13389,34,,
1609,13387,71,,,,,13388,25,13389,46,,
1610,13387,15,13386,33,,,13388,48,,,,
1611,13387,52,,,,,13389,52,,,,
1612,13387,89,,,,,13388,78,,,,
1613,13387,54,,,,,13388,22,13389,32,,
1614,13387,65,,,,,13388,15,13389,50,,
1615,13387,55,,,,,13389,55,,,,
1616,13388,62,,,,,13389,62,,,,
1617,13388,53,,,,,13389,53,,,,
1618,13388,56,,,,,13389,20,13390,36,,
1619,13389,68,,,,,13390,68,,,,
1620,13390,29,13389,35,,,13391,64,,,,
1621,13391,49,,,,,13392,15,13393,34,,
1622,13391,17,13390,41,,,13392,58,,,,
1623,13391,48,,,,,13392,17,13393,31,,
1624,13391,52,,,,,13393,52,,,,
1625,13392,19,13391,47,,,13393,66,,,,
1626,13391,59,,,,,13393,59,,,,
1627,13390,73,,,,,13391,73,,,,
1628,13391,65,,,,,13392,65,,,,
1629,13392,60,,,,,13393,60,,,,
1630,13392,63,,,,,13393,26,13394,37,,
1631,13392,60,,,,,13394,60,,,,
1632,13393,55,,,,,13394,16,13395,39,,
1633,13393,55,,,,,13394,21,13395,34,,
1634,13393,53,,,,,13395,53,,,,
1635,13393,65,,,,,13394,65,,,,
1636,13392,30,13391,30,,,13393,60,,,,
1637,13392,68,,,,,13393,24,13394,44,,
1638,13392,50,,,,,13393,19,13394,31,,
1639,13392,62,,,,,13393,62,,,,
1640,13391,69,,,,,13392,27,13393,42,,
1641,13392,60,,,,,13393,60,,,,
1642,13391,63,,,,,13392,23,13393,40,,
1643,13391,64,,,,,13393,64,,,,
1644,13391,61,,,,,13393,61,,,,
1645,13390,47,,,,,13391,15,13392,32,,
1646,13389,67,,,,,13390,67,,,,
1647,13389,63,,,,,13390,3,13391,63,,
1648,13390,66,,,,,13391,66,,,,
1649,13391,15,13390,39,,,13392,54,,,,
1650,13389,63,,,,,13390,63,,,,
1651,13389,69,,,,,13390,24,13391,45,,
1652,13390,27,13389,34,,,13391,61,,,,
1653,13389,19,13388,48,,,13390,67,,,,
1654,13389,64,,,,,13390,64,,,,
1655,13388,53,,,,,13390,53,,,,
1656,13388,69,,,,,13389,25,13390,44,,
1657,13386,69,,,,,13387,69,,,,
1658,13386,63,,,,,13387,63,,,,
1659,13385,63,,,,,13387,63,,,,
1660,13386,48,,,,,13387,59,,,,
1661,13386,41,,,,,13387,48,,,,
1662,13385,60,,,,,13387,60,,,,
1663,13386,16,13385,44,,,13387,60,,,,
1664,13385,58,,,,,13387,58,,,,
1665,13386,23,13385,37,,,13387,60,,,,
1666,13385,55,,,,,13386,15,13387,40,,
1667,13385,65,,,,,13386,65,,,,
1668,13384,64,,,,,13386,64,,,,
1669,13385,57,,,,,13386,57,,,,
1670,13385,53,,,,,13387,53,,,,
1671,13386,67,,,,,13387,67,,,,
1672,13387,25,13386,46,,,13388,71,,,,
1673,13387,55,,,,,13388,25,13389,30,,
1674,13388,57,,,,,13389,57,,,,
1675,13388,53,,,,,13389,53,,,,
1676,13388,57,,,,,13389,25,13390,32,,
1677,13388,62,,,,,13389,62,,,,
1678,13386,58,,,,,13388,58,,,,
1679,13387,49,,,,,13389,49,,,,
1680,13389,66,,,,,13390,66,,,,
1681,13390,23,13389,35,,,13391,58,,,,
1682,13390,15,13389,32,,,13391,47,,,,
1683,13390,65,,,,,13391,22,13392,43,,
1684,13390,69,,,,,13391,69,,,,
1685,13390,55,,,,,13391,15,13392,40,,
1686,13390,66,,,,,13391,24,13392,42,,
1687,13387,56,,,,,13388,23,13389,33,,
1688,13389,64,,,,,13390,64,,,,
1689,13390,69,,,,,13391,69,,,,
1690,13391,28,13390,50,,,13392,78,,,,
1691,13391,77,,,,,13392,77,,,,
1692,13390,62,,,,,13392,62,,,,
1693,13390,62,,,,,13392,62,,,,
1694,13390,59,,,,,13392,59,,,,
1695,13391,22,13390,44,,,13392,66,,,,
1696,13391,17,13390,49,,,13392,66,,,,
1697,13391,62,,,,,13392,22,13393,40,,
1698,13392,76,,,,,13393,26,13394,50,,
1699,13392,52,,,,,13393,52,,,,
1700,13392,65,,,,,13393,27,13394,38,,
1701,13392,52,,,,,13393,20,13394,32,,
1702,13392,62,,,,,13394,62,,,,
1703,13389,63,,,,,13391,63,,,,
1704,13389,61,,,,,13390,20,13391,41,,
1705,13388,75,,,,,13390,75,,,,
1706,13387,47,,,,,13388,47,,,,
1707,13387,30,13386,40,,,13388,70,,,,
1708,13388,71,,,,,13389,71,,,,
1709,13388,61,,,,,13389,61,,,,
1710,13387,51,,,,,13388,51,,,,
1711,13387,61,,,,,13389,61,,,,
1712,13389,15,13388,50,,,13390,65,,,,
1713,13388,60,,,,,13389,15,13390,45,,
1714,13388,63,,,,,13389,19,13390,44,,
1715,13386,59,,,,,13388,59,,,,
1716,13386,58,,,,,13387,25,13388,33,,
1717,13387,69,,,,,13388,69,,,,
1718,13387,68,,,,,13388,68,,,,
1719,13386,63,,,,,13388,63,,,,
1720,13386,57,,,,,13387,24,13388,33,,
1721,13386,30,13385,45,,,13387,75,,,,
1722,13383,64,,,,,13385,64,,,,
1723,13383,59,,,,,13384,25,13385,34,,
1724,13383,61,,,,,13384,27,13385,34,,
1725,13383,15,13382,48,,,13384,63,,,,
1726,13383,53,,,,,13385,53,,,,
1727,13383,71,,,,,13385,71,,,,
1728,13383,21,13382,38,,,13384,59,,,,
1729,13382,57,,,,,13384,57,,,,
1730,13382,54,,,,,13383,54,,,,
1731,13382,74,,,,,13384,74,,,,
1732,13383,20,13382,46,,,13384,66,,,,
1733,13383,21,13382,46,,,13384,67,,,,
1734,13383,56,,,,,13384,22,13385,34,,
1735,13383,61,,,,,13384,61,,,,
1736,13383,63,,,,,13384,63,,,,
1737,13383,55,,,,,13384,55,,,,
1738,13383,30,13382,44,,,13384,74,,,,
1739,13382,48,,,,,13384,48,,,,
1740,13382,27,13381,34,,,13383,61,,,,
1741,13381,66,,,,,13383,66,,,,
1742,13381,72,,,,,13382,30,13383,42,,
1743,13380,64,,,,,13382,64,,,,
1744,13381,15,13380,34,,,13382,49,,,,
1745,13380,80,,,,,13382,80,,,,
1746,13380,55,,,,,13381,55,,,,
1747,13380,67,,,,,13381,67,,,,
1748,13381,60,,,,,13382,60,,,,
1749,13380,69,,,,,13381,20,13382,49,,
1750,13380,59,,,,,13381,15,13382,44,,
1751,13381,63,,,,,13382,63,,,,
1752,13382,61,,,,,13383,61,,,,
1753,13382,59,,,,,13383,28,13384,31,,
1754,13382,52,,,,,13384,52,,,,
1755,13382,65,,,,,13383,65,,,,
1756,13380,61,,,,,13382,61,,,,
1757,13381,20,13380,39,,,13382,59,,,,
1758,13381,16,13380,35,,,13382,51,,,,
1759,13380,76,,,,,13382,76,,,,
1760,13381,61,,,,,13382,61,,,,
1761,13381,68,,,,,13382,68,,,,
1762,13381,60,,,,,13382,60,,,,
1763,13381,73,,,,,13382,28,13383,45,,
1764,13381,54,,,,,13382,54,,,,
1765,13382,61,,,,,13383,61,,,,
1766,13381,68,,,,,13383,68,,,,
1767,13381,61,,,,,13382,61,,,,
1768,13381,29,13380,36,,,13382,65,,,,
1769,13379,58,,,,,13381,58,,,,
1770,13379,59,,,,,13381,59,,,,
1771,13380,64,,,,,13381,64,,,,
1772,13379,68,,,,,13380,68,,,,
1773,13377,55,,,,,13378,55,,,,
1774,13377,49,,,,,13378,18,13379,31,,
1775,13378,60,,,,,13379,60,,,,
1776,13377,57,,,,,13379,57,,,,
1777,13377,76,,,,,13379,76,,,,
1778,13377,53,,,,,13378,53,,,,
1779,13376,63,,,,,13377,24,13378,39,,
1780,13375,51,,,,,13376,51,,,,
1781,13375,72,,,,,13376,28,13377,44,,
1782,13375,66,,,,,13377,66,,,,
1783,13377,73,,,,,13378,73,,,,
1784,13378,65,,,,,13379,65,,,,
1785,13377,72,,,,,13379,72,,,,
1786,13377,65,,,,,13378,65,,,,
1787,13376,68,,,,,13378,68,,,,
1788,13376,56,,,,,13378,56,,,,
1789,13376,63,,,,,13377,63,,,,
1790,13375,57,,,,,13377,57,,,,
1791,13375,49,,,,,13376,17,13377,32,,
1792,13376,28,13375,35,,,13377,63,,,,
1793,13375,68,,,,,13377,68,,,,
1794,13375,76,,,,,13376,76,,,,
1795,13375,53,,,,,13376,20,13377,33,,
1796,13376,67,,,,,13377,67,,,,
1797,13376,54,,,,,13378,54,,,,
1798,13376,73,,,,,13378,73,,,,
1799,13377,68,,,,,13378,68,,,,
1800,13381,65,,,,,13382,28,13383,37,,
1801,13385,18,13384,48,,,13386,66,,,,
1802,13386,65,,,,,13388,65,,,,
1803,13387,29,13386,38,,,13388,67,,,,
1804,13386,55,,,,,13387,18,13388,37,,
1805,13385,62,,,,,13386,21,13387,41,,
1806,13385,55,,,,,13386,55,,,,
1807,13384,61,,,,,13385,61,,,,
1808,13384,59,,,,,13385,59,,,,
1809,13384,22,13383,44,,,13385,66,,,,
1810,13384,69,,,,,13385,69,,,,
1811,13383,67,,,,,13385,67,,,,
1812,13384,19,13383,47,,,13385,66,,,,
1813,13384,67,,,,,13385,67,,,,
1814,13384,66,,,,,13385,21,13386,45,,
1815,13384,75,,,,,13385,75,,,,
1816,13384,57,,,,,13385,57,,,,
1817,13382,50,,,,,13384,50,,,,
1818,13382,51,,,,,13383,51,,,,
1819,13382,6,13381,39,,,13383,55,,,,
1820,13382,66,,,,,13383,66,,,,
1821,13382,77,,,,,13384,77,,,,
1822,13382,72,,,,,13383,22,13384,50,,
1823,13382,69,,,,,13383,69,,,,
1824,13381,73,,,,,13382,30,13383,43,,
1825,13380,73,,,,,13381,73,,,,
1826,13380,19,13379,33,,,13381,52,,,,
1827,13379,47,,,,,13380,15,13381,32,,
1828,13379,61,,,,,13380,28,13381,33,,
1829,13379,24,13378,37,,,13380,61,,,,
1830,13378,24,13377,44,,,13379,68,,,,
1831,13377,75,,,,,13378,75,,,,
1832,13377,69,,,,,13379,69,,,,
1833,13377,81,,,,,13378,70,,,,
1834,13377,54,,,,,13378,24,13379,30,,
1835,13377,70,,,,,13378,21,13379,44,,
1836,13378,63,,,,,13380,63,,,,
1837,13381,54,,,,,13382,54,,,,
1838,13381,74,,,,,13382,74,,,,
1839,13380,57,,,,,13381,19,13382,38,,
1840,13380,59,,,,,13381,59,,,,
1841,13377,61,,,,,13379,61,,,,
1842,13378,63,,,,,13379,63,,,,
1843,13378,59,,,,,13379,16,13380,43,,
1844,13378,74,,,,,13379,29,13380,45,,
1845,13377,62,,,,,13379,62,,,,
1846,13377,59,,,,,13378,25,13379,34,,
1847,13378,65,,,,,13379,65,,,,
1848,13378,74,,,,,13379,74,,,,
1849,13377,45,,,,,13378,15,13379,30,,
1850,13377,26,13376,48,,,13378,74,,,,
1851,13377,30,13376,50,,,13378,80,,,,
1852,13377,49,,,,,13379,49,,,,
1853,13378,56,,,,,13379,20,13380,36,,
1854,13377,68,,,,,13379,68,,,,
1855,13378,75,,,,,13380,75,,,,
1856,13377,74,,,,,13379,74,,,,
1857,13378,29,13377,39,,,13379,68,,,,
1858,13377,54,,,,,13378,54,,,,
1859,13377,64,,,,,13378,64,,,,
1860,13377,52,,,,,13379,52,,,,
1861,13377,75,,,,,13378,75,,,,
1862,13379,29,13378,38,,,13380,67,,,,
1863,13379,58,,,,,13380,58,,,,
1864,13379,74,,,,,13380,74,,,,
1865,13379,76,,,,,13380,26,13381,50,,
1866,13379,26,13378,38,,,13380,64,,,,
1867,13379,59,,,,,13380,27,13381,32,,
1868,13379,30,13378,44,,,13380,74,,,,
1869,13378,61,,,,,13380,61,,,,
1870,13378,26,13377,48,,,13379,74,,,,
1871,13378,20,13377,36,,,13379,56,,,,
1872,13378,30,13377,48,,,13379,78,,,,
1873,13379,15,13378,34,,,13380,49,,,,
1874,13379,60,,,,,13380,60,,,,
1875,13379,79,,,,,13380,29,13381,50,,
1876,13379,61,,,,,13380,61,,,,
1877,13379,75,,,,,13380,27,13381,48,,
1878,13376,74,,,,,13378,74,,,,
1879,13376,30,13375,33,,,13377,63,,,,
1880,13376,59,,,,,13377,59,,,,
1881,13375,65,,,,,13376,21,13377,44,,
1882,13375,70,,,,,13377,70,,,,
1883,13375,60,,,,,13376,28,13377,32,,
1884,13375,53,,,,,13377,53,,,,
1885,13375,50,,,,,13376,20,13377,30,,
1886,13375,51,,,,,13376,20,13377,31,,
1887,13375,59,,,,,13376,59,,,,
1888,13375,27,13374,34,,,13376,61,,,,
1889,13374,77,,,,,13376,77,,,,
1890,13376,24,13375,32,,,13377,56,,,,
1891,13375,66,,,,,13377,66,,,,
1892,13376,65,,,,,13377,65,,,,
1893,13375,53,,,,,13376,16,13377,45,,
1894,13375,52,,,,,13376,19,13377,33,,
1895,13375,61,,,,,13377,61,,,,
1896,13375,53,,,,,13376,20,13377,33,,
1897,13375,60,,,,,13376,24,13377,36,,
1898,13376,25,13375,48,,,13377,73,,,,
1899,13375,54,,,,,13376,20,13377,34,,
1900,13377,60,,,,,13378,60,,,,
1901,13376,62,,,,,13378,62,,,,
1902,13376,62,,,,,13377,21,13378,41,,
1903,13377,52,,,,,13378,52,,,,
1904,13376,63,,,,,13378,63,,,,
1905,13376,48,,,,,13377,15,13378,33,,
1906,13378,63,,,,,13380,63,,,,
1907,13379,48,,,,,13380,48,,,,
1908,13379,49,,,,,13380,19,13381,30,,
1909,13380,53,,,,,13381,53,,,,
1910,13380,30,13379,42,,,13381,72,,,,
1911,13379,73,,,,,13381,73,,,,
1912,13379,58,,,,,13380,58,,,,
1913,13378,61,,,,,13379,28,13380,33,,
1914,13378,48,,,,,13380,48,,,,
1915,13379,61,,,,,13380,61,,,,
1916,13381,62,,,,,13382,17,13383,45,,
1917,13382,24,13381,34,,,13383,58,,,,
1918,13381,54,,,,,13382,54,,,,
1919,13381,63,,,,,13382,63,,,,
1920,13381,60,,,,,13382,60,,,,
1921,13381,58,,,,,13382,58,,,,
1922,13381,71,,,,,13383,71,,,,
1923,13382,15,13381,33,,,13383,48,,,,
1924,13382,67,,,,,13383,67,,,,
1925,13382,58,,,,,13384,58,,,,
1926,13381,62,,,,,13383,62,,,,
1927,13381,71,,,,,13382,71,,,,
1928,13381,58,,,,,13382,58,,,,
1929,13381,27,13380,50,,,13382,77,,,,
1930,13380,75,,,,,13381,29,13382,46,,
1931,13380,75,,,,,13382,75,,,,
1932,13380,58,,,,,13382,58,,,,
1933,13382,28,13381,37,,,13383,65,,,,
1934,13383,57,,,,,13384,18,13385,39,,
1935,13384,54,,,,,13386,54,,,,
1936,13384,74,,,,,13385,28,13386,46,,
1937,13384,68,,,,,13386,68,,,,
1938,13384,59,,,,,13386,59,,,,
1939,13383,53,,,,,13385,53,,,,
1940,13383,60,,,,,13384,15,13385,45,,
1941,13383,69,,,,,13385,69,,,,
1942,13383,72,,,,,13384,72,,,,
1943,13382,64,,,,,13383,64,,,,
1944,13382,29,13381,35,,,13383,64,,,,
1945,13381,68,,,,,13382,68,,,,
1946,13380,54,,,,,13381,15,13382,39,,
1947,13380,65,,,,,13381,65,,,,
1948,13380,74,,,,,13382,74,,,,
1949,13380,54,,,,,13381,23,13382,31,,
1950,13380,59,,,,,13382,59,,,,
1951,13380,70,,,,,13382,70,,,,
1952,13381,16,13380,36,,,13382,52,,,,
1953,13381,60,,,,,13382,60,,,,
1954,13381,70,,,,,13382,70,,,,
1955,13381,68,,,,,13382,68,,,,
1956,13380,19,13379,34,,,13381,53,,,,
1957,13380,29,13379,43,,,13381,72,,,,
1958,13380,77,,,,,13381,77,,,,
1959,13380,67,,,,,13382,67,,,,
1960,13381,18,13380,42,,,13382,60,,,,
1961,13381,73,,,,,13382,77,,,,
1962,13380,30,13379,45,,,13381,75,,,,
1963,13381,22,13380,43,,,13382,65,,,,
1964,13381,66,,,,,13382,66,,,,
1965,13380,19,13379,47,,,13381,66,,,,
1966,13379,73,,,,,13381,73,,,,
1967,13378,67,,,,,13379,67,,,,
1968,13377,66,,,,,13379,66,,,,
1969,13377,59,,,,,13379,59,,,,
1970,13378,21,13377,39,,,13379,60,,,,
1971,13378,62,,,,,13379,62,,,,
1972,13379,22,13378,44,,,13380,66,,,,
1973,13379,57,,,,,13381,57,,,,
1974,13381,17,13380,34,,,13382,51,,,,
1975,13381,45,,,,,13382,15,13383,30,,
1976,13382,62,,,,,13384,62,,,,
1977,13383,55,,,,,13384,17,13385,38,,
1978,13384,75,,,,,13386,75,,,,
1979,13385,62,,,,,13386,62,,,,
1980,13385,55,,,,,13386,25,13387,30,,
1981,13385,65,,,,,13386,25,13387,40,,
1982,13386,27,13385,44,,,13387,71,,,,
1983,13384,52,,,,,13386,52,,,,
1984,13384,23,13383,36,,,13385,59,,,,
1985,13383,66,,,,,13385,66,,,,
1986,13383,53,,,,,13384,53,,,,
1987,13383,19,13382,42,,,13384,61,,,,
1988,13383,72,,,,,13384,72,,,,
1989,13383,65,,,,,13384,65,,,,
1990,13383,24,13382,36,,,13384,53,,,,
1991,13383,67,,,,,13384,19,13385,48,,
1992,13383,19,13382,41,,,13384,60,,,,
1993,13382,51,,,,,13383,51,,,,
1994,13383,55,,,,,13384,55,,,,
1995,13383,61,,,,,13384,29,13385,32,,
1996,13383,67,,,,,13384,67,,,,
1997,13383,17,13382,45,,,13384,62,,,,
1998,13383,66,,,,,13384,66,,,,
1999,13383,65,,,,,13385,65,,,,
2000,13383,64,,,,,13384,64,,,,
2001,13383,65,,,,,13384,16,13385,49,,
2002,13383,62,,,,,13385,62,,,,
2003,13384,22,13383,47,,,13385,69,,,,
2004,13383,52,,,,,13385,52,,,,
2005,13383,59,,,,,13384,59,,,,
2006,13383,62,,,,,13385,62,,,,
2007,13383,67,,,,,13384,26,13385,41,,
2008,13383,56,,,,,13384,25,13385,31,,
2009,13383,45,,,,,13384,45,,,,
2010,13384,20,13383,42,,,13385,62,,,,
2011,13384,74,,,,,13386,74,,,,
2012,13385,20,13384,33,,,13386,53,,,,
2013,13384,58,,,,,13386,58,,,,
2014,13384,54,,,,,13385,54,,,,
2015,13383,72,,,,,13385,72,,,,
2016,13384,15,13383,30,,,13385,45,,,,
2017,13384,18,13383,37,,,13385,55,,,,
2018,13384,68,,,,,13385,68,,,,
2019,13384,70,,,,,13385,22,13386,48,,
2020,13385,18,13384,44,,,13386,62,,,,
2021,13385,30,13384,41,,,13386,71,,,,
2022,13384,67,,,,,13386,67,,,,
2023,13385,20,13384,37,,,13386,57,,,,
2024,13385,51,,,,,13386,51,,,,
2025,13385,61,,,,,13386,61,,,,
2026,13385,66,,,,,13386,66,,,,
2027,13385,64,,,,,13386,64,,,,
2028,13384,65,,,,,13386,65,,,,
2029,13384,15,13383,36,,,13385,51,,,,
2030,13384,57,,,,,13386,57,,,,
2031,13384,64,,,,,13385,64,,,,
2032,13384,69,,,,,13385,69,,,,
2033,13384,52,,,,,13385,52,,,,
2034,13385,61,,,,,13386,61,,,,
2035,13385,51,,,,,13386,51,,,,
2036,13385,70,,,,,13386,70,,,,
2037,13385,57,,,,,13386,57,,,,
2038,13384,63,,,,,13385,63,,,,
2039,13384,64,,,,,13386,64,,,,
2040,13385,20,13384,30,,,13386,50,,,,
2041,13385,51,,,,,13386,15,13387,36,,
2042,13385,28,13384,45,,,13386,73,,,,
2043,13385,22,13384,32,,,13386,54,,,,
2044,13385,21,13384,40,,,13386,61,,,,
2045,13385,58,,,,,13386,58,,,,
2046,13386,27,13385,37,,,13387,64,,,,
2047,13385,77,,,,,13386,77,,,,
2048,13385,53,,,,,13386,53,,,,
2049,13385,21,13384,32,,,13386,53,,,,
2050,13384,60,,,,,13386,60,,,,
2051,13379,62,,,,,13381,62,,,,
2052,13381,28,13380,48,,,13382,76,,,,
2053,13380,61,,,,,13381,61,,,,
2054,13380,53,,,,,13381,53,,,,
2055,13380,51,,,,,13381,60,,,,
2056,13379,59,,,,,13380,18,13381,41,,
2057,13380,22,13379,37,,,13381,59,,,,
2058,13379,66,,,,,13380,66,,,,
2059,13379,65,,,,,13380,65,,,,
2060,13379,65,,,,,13380,65,,,,
2061,13379,50,,,,,13380,50,,,,
2062,13379,64,,,,,13381,64,,,,
2063,13384,68,,,,,13385,68,,,,
2064,13385,68,,,,,13386,68,,,,
2065,13385,62,,,,,13386,62,,,,
2066,13385,67,,,,,13386,29,13387,38,,
2067,13386,56,,,,,13387,56,,,,
2068,13386,63,,,,,13387,63,,,,
2069,13386,28,13385,35,,,13387,63,,,,
2070,13385,70,,,,,13387,70,,,,
2071,13385,67,,,,,13386,67,,,,
2072,13385,55,,,,,13387,55,,,,
2073,13385,71,,,,,13387,71,,,,
2074,13385,75,,,,,13387,75,,,,
2075,13385,50,,,,,13386,16,13387,34,,
2076,13387,58,,,,,13389,58,,,,
2077,13387,61,,,,,13388,17,13389,44,,
2078,13387,23,13386,43,,,13388,66,,,,
2079,13386,62,,,,,13387,62,,,,
2080,13385,65,,,,,13386,24,13387,41,,
2081,13385,52,,,,,13386,52,,,,
2082,13385,78,,,,,13386,78,,,,
2083,13384,60,,,,,13386,60,,,,
2084,13384,76,,,,,13385,30,13386,46,,
2085,13384,68,,,,,13385,19,13386,49,,
2086,13384,74,,,,,13385,74,,,,
2087,13383,69,,,,,13385,69,,,,
2088,13383,65,,,,,13384,65,,,,
2089,13384,26,13383,36,,,13385,52,,,,
2090,13384,49,,,,,13385,49,,,,
2091,13384,59,,,,,13385,59,,,,
2092,13383,22,13382,34,,,13384,56,,,,
2093,13383,23,13382,34,,,13384,57,,,,
2094,13382,59,,,,,13383,59,,,,
2095,13381,69,,,,,13382,69,,,,
2096,13379,64,,,,,13380,16,13381,48,,
2097,13379,49,,,,,13381,49,,,,
2098,13379,58,,,,,13380,58,,,,
2099,13379,21,13378,43,,,13380,64,,,,
2100,13378,55,,,,,13379,21,13380,34,,
2101,13378,55,,,,,13379,55,,,,
2102,13378,72,,,,,13379,72,,,,
2103,13377,61,,,,,13379,61,,,,
2104,13376,26,13375,45,,,13377,71,,,,
2105,13377,67,,,,,13378,20,13379,47,,
2106,13380,77,,,,,13381,30,13382,47,,
2107,13378,48,,,,,13379,48,,,,
2108,13378,23,13377,49,,,13379,72,,,,
2109,13378,54,,,,,13379,15,13380,39,,
2110,13377,17,13376,37,,,13378,54,,,,
2111,13379,54,,,,,13380,54,,,,
2112,13377,58,,,,,13379,58,,,,
2113,13377,56,,,,,13378,56,,,,
2114,13378,55,,,,,13379,55,,,,
2115,13378,62,,,,,13379,62,,,,
2116,13381,48,,,,,13382,48,,,,
2117,13381,62,,,,,13382,62,,,,
2118,13380,53,,,,,13382,53,,,,
2119,13378,75,,,,,13379,29,13380,46,,
2120,13378,62,,,,,13379,62,,,,
2121,13377,60,,,,,13378,60,,,,
2122,13376,60,,,,,13377,25,13378,35,,
2123,13376,75,,,,,13377,75,,,,
2124,13375,65,,,,,13377,65,,,,
2125,13375,65,,,,,13377,65,,,,
2126,13375,71,,,,,13376,71,,,,
2127,13377,68,,,,,13378,68,,,,
2128,13377,68,,,,,13378,68,,,,
2129,13376,66,,,,,13378,66,,,,
2130,13377,67,,,,,13379,67,,,,
2131,13377,23,13376,32,,,13378,55,,,,
2132,13375,77,,,,,13377,77,,,,
2133,13375,77,,,,,13376,77,,,,
2134,13376,59,,,,,13377,22,13378,37,,
2135,13378,60,,,,,13379,15,13380,45,,
2136,13377,66,,,,,13378,66,,,,
2137,13377,71,,,,,13378,26,13379,45,,
2138,13377,24,13376,45,,,13378,69,,,,
2139,13377,71,,,,,13378,71,,,,
2140,13376,64,,,,,13377,64,,,,
2141,13377,56,,,,,13378,24,13379,32,,
2142,13378,57,,,,,13379,17,13380,40,,
2143,13377,19,13376,40,,,13378,59,,,,
2144,13376,58,,,,,13378,58,,,,
2145,13376,59,,,,,13377,24,13378,35,,
2146,13375,30,13374,45,,,13376,75,,,,
2147,13375,24,13374,50,,,13376,74,,,,
2148,13373,73,,,,,13375,73,,,,
2149,13373,78,,,,,13375,78,,,,
2150,13372,68,,,,,13373,68,,,,
2151,13374,68,,,,,13375,68,,,,
2152,13373,53,,,,,13374,17,13375,36,,
2153,13373,64,,,,,13374,64,,,,
2154,13372,60,,,,,13373,60,,,,
2155,13372,23,13371,37,,,13373,60,,,,
2156,13375,48,,,,,13377,48,,,,
2157,13376,70,,,,,13378,70,,,,
2158,13377,59,,,,,13378,18,13379,41,,
2159,13377,59,,,,,13378,19,13379,40,,
2160,13377,69,,,,,13378,69,,,,
2161,13377,19,13376,42,,,13378,61,,,,
2162,13376,61,,,,,13378,61,,,,
2163,13376,47,,,,,13378,47,,,,
2164,13377,48,,,,,13379,48,,,,
2165,13378,15,13377,34,,,13379,49,,,,
2166,13378,24,13377,37,,,13379,61,,,,
2167,13378,69,,,,,13379,69,,,,
2168,13380,53,,,,,13382,53,,,,
2169,13381,58,,,,,13382,18,13383,40,,
2170,13381,19,13380,50,,,13382,69,,,,
2171,13381,49,,,,,13382,17,13383,32,,
2172,13381,30,13380,30,,,13382,60,,,,
2173,13381,58,,,,,13382,58,,,,
2174,13382,25,13381,37,,,13383,52,,,,
2175,13382,71,,,,,13383,71,,,,
2176,13381,69,,,,,13382,21,13383,48,,
2177,13381,74,,,,,13383,74,,,,
2178,13381,62,,,,,13383,62,,,,
2179,13381,50,,,,,13383,50,,,,
2180,13383,16,13382,31,,,13384,47,,,,
2181,13381,67,,,,,13383,67,,,,
2182,13383,63,,,,,13384,18,13385,45,,
2183,13383,49,,,,,13384,49,,,,
2184,13383,52,,,,,13385,52,,,,
2185,13383,68,,,,,13384,68,,,,
2186,13383,70,,,,,13384,5,13385,70,,
2187,13384,18,13383,48,,,13385,66,,,,
2188,13385,72,,,,,13387,72,,,,
2189,13386,28,13385,43,,,13387,71,,,,
2190,13385,77,,,,,13387,77,,,,
2191,13385,50,,,,,13386,20,13387,30,,
2192,13385,74,,,,,13386,74,,,,
2193,13384,59,,,,,13385,59,,,,
2194,13383,60,,,,,13384,60,,,,
2195,13383,73,,,,,13384,23,13385,50,,
2196,13383,72,,,,,13384,22,13385,50,,
2197,13382,29,13381,38,,,13383,67,,,,
2198,13381,63,,,,,13382,63,,,,
2199,13381,22,13380,36,,,13382,58,,,,
2200,13380,56,,,,,13381,56,,,,
2201,13381,50,,,,,13382,20,13383,30,,
2202,13381,58,,,,,13382,23,13383,35,,
2203,13381,73,,,,,13382,29,13383,44,,
2204,13381,52,,,,,13383,52,,,,
2205,13382,60,,,,,13383,60,,,,
2206,13382,67,,,,,13383,19,13384,48,,
2207,13382,23,13381,45,,,13383,68,,,,
2208,13382,58,,,,,13384,58,,,,
2209,13383,75,,,,,13384,75,,,,
2210,13383,28,13382,35,,,13384,63,,,,
2211,13382,65,,,,,13383,24,13384,41,,
2212,13382,58,,,,,13383,58,,,,
2213,13382,73,,,,,13383,26,13384,47,,
2214,13382,66,,,,,13383,29,13384,37,,
2215,13381,29,13380,41,,,13382,70,,,,
2216,13381,53,,,,,13382,53,,,,
2217,13381,51,,,,,13382,20,13383,31,,
2218,13380,58,,,,,13382,58,,,,
2219,13381,52,,,,,13382,52,,,,
2220,13381,69,,,,,13382,19,13383,50,,
2221,13381,28,13380,46,,,13382,74,,,,
2222,13380,61,,,,,13382,61,,,,
2223,13380,65,,,,,13381,19,13382,46,,
2224,13380,63,,,,,13381,20,13382,43,,
2225,13380,69,,,,,13381,69,,,,
2226,13380,69,,,,,13381,69,,,,
2227,13381,53,,,,,13382,53,,,,
2228,13381,65,,,,,13382,65,,,,
2229,13381,28,13380,40,,,13382,68,,,,
2230,13380,67,,,,,13382,67,,,,
2231,13382,57,,,,,13383,57,,,,
2232,13382,69,,,,,13384,69,,,,
2233,13382,62,,,,,13384,62,,,,
2234,13382,61,,,,,13383,61,,,,
2235,13380,68,,,,,13382,68,,,,
2236,13381,27,13380,41,,,13382,68,,,,
2237,13380,71,,,,,13381,71,,,,
2238,13380,60,,,,,13382,60,,,,
2239,13381,69,,,,,13382,69,,,,
2240,13381,29,13380,37,,,13382,66,,,,
2241,13380,64,,,,,13382,64,,,,
2242,13382,47,,,,,13383,47,,,,
2243,13382,75,,,,,13384,75,,,,
2244,13382,68,,,,,13384,68,,,,
2245,13382,68,,,,,13384,68,,,,
2246,13381,64,,,,,13383,64,,,,
2247,13381,51,,,,,13382,51,,,,
2248,13381,23,13380,42,,,13382,65,,,,
2249,13377,59,,,,,13379,59,,,,
2250,13378,73,,,,,13379,73,,,,
2251,13377,69,,,,,13379,69,,,,
2252,13378,22,13377,50,,,13379,72,,,,
2253,13377,64,,,,,13379,64,,,,
2254,13377,58,,,,,13378,27,13379,31,,
2255,13377,71,,,,,13379,71,,,,
2256,13377,73,,,,,13378,73,,,,
2257,13377,21,13376,44,,,13378,65,,,,
2258,13377,74,,,,,13378,74,,,,
2259,13376,63,,,,,13378,63,,,,
2260,13376,76,,,,,13377,76,,,,
2261,13376,20,13375,44,,,13377,64,,,,
2262,13376,60,,,,,13377,60,,,,
2263,13375,61,,,,,13376,28,13377,33,,
2264,13376,58,,,,,13377,58,,,,
2265,13376,23,13375,30,,,13377,53,,,,
2266,13376,9,13375,61,,,13377,61,,,,
2267,13374,71,,,,,13376,71,,,,
2268,13374,63,,,,,13375,17,13376,46,,
2269,13374,73,,,,,13375,73,,,,
2270,13374,67,,,,,13375,28,13376,39,,
2271,13374,60,,,,,13376,60,,,,
2272,13373,59,,,,,13375,59,,,,
2273,13373,56,,,,,13375,56,,,,
2274,13373,61,,,,,13374,21,13375,40,,
2275,13373,61,,,,,13374,19,13375,42,,
2276,13375,61,,,,,13376,61,,,,
2277,13375,28,13374,48,,,13376,76,,,,
2278,13375,56,,,,,13376,56,,,,
2279,13373,72,,,,,13375,72,,,,
2280,13374,64,,,,,13375,23,13376,41,,
2281,13374,66,,,,,13376,66,,,,
2282,13375,60,,,,,13377,60,,,,
2283,13376,65,,,,,13377,65,,,,
2284,13376,69,,,,,13377,25,13378,44,,
2285,13375,56,,,,,13376,25,13377,31,,
2286,13375,72,,,,,13376,72,,,,
2287,13375,57,,,,,13376,57,,,,
2288,13375,70,,,,,13376,21,13377,49,,
2289,13375,70,,,,,13377,70,,,,
2290,13375,56,,,,,13376,56,,,,
2291,13374,66,,,,,13376,66,,,,
2292,13374,76,,,,,13376,76,,,,
2293,13374,29,13373,46,,,13375,75,,,,
2294,13373,64,,,,,13375,64,,,,
2295,13372,60,,,,,13373,19,13374,41,,
2296,13372,58,,,,,13373,58,,,,
2297,13372,23,13371,36,,,13373,59,,,,
2298,13369,73,,,,,13371,73,,,,
2299,13369,54,,,,,13371,54,,,,
2300,13370,69,,,,,13371,28,13372,41,,
2301,13370,54,,,,,13372,54,,,,
2302,13369,67,,,,,13371,67,,,,
2303,13368,65,,,,,13370,65,,,,
2304,13368,67,,,,,13369,29,13370,38,,
2305,13369,64,,,,,13370,19,13371,45,,
2306,13369,53,,,,,13370,22,13371,31,,
2307,13370,61,,,,,13372,61,,,,
2308,13371,64,,,,,13372,64,,,,
2309,13370,49,,,,,13372,49,,,,
2310,13370,82,,,,,13371,71,,,,
2311,13370,75,,,,,13371,30,13372,45,,
2312,13370,68,,,,,13371,68,,,,
2313,13370,76,,,,,13372,76,,,,
2314,13372,66,,,,,13373,19,13374,47,,
2315,13373,65,,,,,13374,65,,,,
2316,13373,70,,,,,13375,70,,,,
2317,13373,68,,,,,13374,68,,,,
2318,13373,58,,,,,13374,58,,,,
2319,13374,16,13373,36,,,13375,52,,,,
2320,13373,72,,,,,13374,72,,,,
2321,13373,63,,,,,13374,63,,,,
2322,13371,70,,,,,13373,70,,,,
2323,13373,59,,,,,13374,22,13375,37,,
2324,13372,51,,,,,13373,17,13374,34,,
2325,13372,15,13371,42,,,13373,57,,,,
2326,13371,69,,,,,13372,23,13373,46,,
2327,13370,55,,,,,13372,55,,,,
2328,13370,62,,,,,13371,62,,,,
2329,13369,51,,,,,13370,17,13371,34,,
2330,13369,64,,,,,13370,64,,,,
2331,13369,50,,,,,13370,19,13371,31,,
2332,13368,67,,,,,13370,67,,,,
2333,13369,55,,,,,13370,55,,,,
2334,13369,28,13368,44,,,13370,72,,,,
2335,13369,63,,,,,13370,18,13371,45,,
2336,13372,63,,,,,13373,21,13374,42,,
2337,13371,65,,,,,13373,65,,,,
2338,13371,68,,,,,13373,68,,,,
2339,13371,63,,,,,13372,63,,,,
2340,13370,55,,,,,13371,21,13372,34,,
2341,13370,50,,,,,13371,18,13372,32,,
2342,13370,57,,,,,13371,25,13372,32,,
2343,13369,74,,,,,13371,74,,,,
2344,13370,28,13369,34,,,13371,62,,,,
2345,13369,72,,,,,13371,72,,,,
2346,13367,65,,,,,13369,65,,,,
2347,13369,59,,,,,13370,29,13371,30,,
2348,13369,64,,,,,13370,21,13371,43,,
2349,13368,65,,,,,13369,65,,,,
2350,13368,64,,,,,13369,64,,,,
2351,13368,21,13367,32,,,13369,53,,,,
2352,13368,73,,,,,13369,73,,,,
2353,13368,55,,,,,13370,55,,,,
2354,13368,51,,,,,13369,18,13370,33,,
2355,13368,70,,,,,13370,70,,,,
2356,13370,51,,,,,13371,51,,,,
2357,13369,18,13368,39,,,13370,57,,,,
2358,13367,55,,,,,13368,55,,,,
2359,13367,76,,,,,13368,76,,,,
2360,13368,15,13367,32,,,13369,47,,,,
2361,13367,67,,,,,13369,67,,,,
2362,13368,22,13367,45,,,13369,67,,,,
2363,13367,67,,,,,13368,26,13369,41,,
2364,13367,49,,,,,13368,49,,,,
2365,13366,63,,,,,13367,15,13368,48,,
2366,13366,59,,,,,13367,21,13368,38,,
2367,13366,67,,,,,13367,67,,,,
2368,13365,67,,,,,13366,23,13367,44,,
2369,13365,53,,,,,13366,23,13367,30,,
2370,13363,70,,,,,13364,66,,,,
2371,13364,61,,,,,13366,61,,,,
2372,13363,65,,,,,13364,16,13365,49,,
2373,13363,66,,,,,13365,66,,,,
2374,13364,27,13363,34,,,13365,61,,,,
2375,13365,27,13364,47,,,13366,74,,,,
2376,13364,52,,,,,13365,52,,,,
2377,13363,72,,,,,13365,72,,,,
2378,13363,78,,,,,13365,78,,,,
2379,13363,69,,,,,13364,27,13365,42,,
2380,13361,78,,,,,13363,78,,,,
2381,13362,53,,,,,13363,22,13364,31,,
2382,13362,58,,,,,13364,58,,,,
2383,13362,59,,,,,13364,59,,,,
2384,13363,61,,,,,13365,61,,,,
2385,13365,67,,,,,13367,67,,,,
2386,13365,74,,,,,13366,74,,,,
2387,13366,70,,,,,13367,20,13368,50,,
2388,13367,67,,,,,13369,67,,,,
2389,13368,67,,,,,13369,30,13370,37,,
2390,13368,57,,,,,13369,57,,,,
2391,13368,69,,,,,13369,19,13370,50,,
2392,13368,71,,,,,13370,71,,,,
2393,13369,20,13368,42,,,13370,62,,,,
2394,13369,66,,,,,13370,66,,,,
2395,13371,18,13370,39,,,13372,57,,,,
2396,13370,40,,,,,13371,50,,,,
2397,13370,16,13369,45,,,13371,61,,,,
2398,13370,66,,,,,13372,66,,,,
2399,13369,25,13368,48,,,13370,73,,,,
2400,13370,4,13369,69,,,13371,69,,,,
2401,13370,23,13369,38,,,13371,61,,,,
2402,13370,69,,,,,13371,69,,,,
2403,13370,71,,,,,13371,24,13372,47,,
2404,13369,52,,,,,13370,19,13371,33,,
2405,13369,73,,,,,13371,73,,,,
2406,13370,29,13369,38,,,13371,67,,,,
2407,13370,73,,,,,13372,73,,,,
2408,13369,67,,,,,13370,67,,,,
2409,13370,68,,,,,13372,68,,,,
2410,13369,68,,,,,13370,24,13371,44,,
2411,13369,69,,,,,13370,69,,,,
2412,13370,22,13369,44,,,13371,66,,,,
2413,13370,24,13369,41,,,13371,65,,,,
2414,13369,66,,,,,13371,66,,,,
2415,13369,54,,,,,13370,23,13371,31,,
2416,13368,67,,,,,13370,67,,,,
2417,13368,58,,,,,13370,58,,,,
2418,13369,56,,,,,13370,56,,,,
2419,13368,62,,,,,13370,62,,,,
2420,13369,16,13368,47,,,13370,63,,,,
2421,13369,67,,,,,13371,67,,,,
2422,13369,73,,,,,13370,73,,,,
2423,13369,24,13368,50,,,13370,74,,,,
2424,13369,59,,,,,13370,59,,,,
2425,13369,63,,,,,13371,63,,,,
2426,13369,61,,,,,13371,61,,,,
2427,13370,52,,,,,13372,52,,,,
2428,13371,63,,,,,13372,15,13373,48,,
2429,13372,64,,,,,13373,21,13374,43,,
2430,13372,16,13371,42,,,13373,58,,,,
2431,13372,68,,,,,13373,68,,,,
2432,13371,65,,,,,13372,65,,,,
2433,13371,72,,,,,13372,76,,,,
2434,13371,20,13370,49,,,13372,69,,,,
2435,13369,53,,,,,13371,53,,,,
2436,13369,22,13368,50,,,13370,72,,,,
2437,13368,52,,,,,13369,52,,,,
2438,13367,64,,,,,13368,24,13369,40,,
2439,13367,67,,,,,13369,67,,,,
2440,13366,67,,,,,13368,67,,,,
2441,13369,62,,,,,13370,62,,,,
2442,13370,72,,,,,13371,72,,,,
2443,13370,74,,,,,13372,74,,,,
2444,13371,56,,,,,13372,56,,,,
2445,13370,60,,,,,13371,60,,,,
2446,13372,62,,,,,13373,62,,,,
2447,13372,63,,,,,13373,21,13374,42,,
2448,13372,20,13371,30,,,13373,50,,,,
2449,13372,70,,,,,13373,20,13374,50,,
2450,13371,45,,,,,13372,15,13373,30,,
2451,13371,62,,,,,13373,62,,,,
2452,13371,57,,,,,13372,17,13373,40,,
2453,13372,18,13371,37,,,13373,55,,,,
2454,13372,67,,,,,13373,20,13374,47,,
2455,13372,63,,,,,13373,63,,,,
2456,13372,8,13371,35,,,13373,54,,,,
2457,13372,56,,,,,13373,56,,,,
2458,13372,52,,,,,13374,52,,,,
2459,13372,67,,,,,13373,19,13374,48,,
2460,13373,59,,,,,13374,29,13375,30,,
2461,13373,71,,,,,13374,71,,,,
2462,13374,48,,,,,13375,48,,,,
2463,13374,56,,,,,13376,56,,,,
2464,13376,77,,,,,13377,77,,,,
2465,13375,74,,,,,13376,74,,,,
2466,13375,55,,,,,13376,55,,,,
2467,13375,61,,,,,13376,61,,,,
2468,13375,62,,,,,13376,62,,,,
2469,13375,27,13374,32,,,13376,59,,,,
2470,13375,50,,,,,13376,17,13377,33,,
2471,13375,47,,,,,13377,47,,,,
2472,13375,66,,,,,13376,25,13377,41,,
2473,13375,66,,,,,13377,66,,,,
2474,13375,53,,,,,13376,59,,,,
2475,13375,56,,,,,13376,56,,,,
2476,13375,68,,,,,13376,28,13377,40,,
2477,13375,61,,,,,13376,61,,,,
2478,13375,56,,,,,13377,56,,,,
2479,13375,64,,,,,13376,16,13377,48,,
2480,13375,68,,,,,13376,68,,,,
2481,13376,74,,,,,13377,74,,,,
2482,13375,59,,,,,13377,59,,,,
2483,13376,5,13375,50,,,13377,66,,,,
2484,13375,74,,,,,13376,29,13377,45,,
2485,13375,68,,,,,13377,68,,,,
2486,13376,21,13375,46,,,13377,67,,,,
2487,13375,66,,,,,13377,66,,,,
2488,13375,76,,,,,13377,76,,,,
2489,13375,57,,,,,13376,19,13377,38,,
2490,13375,78,,,,,13376,78,,,,
2491,13375,58,,,,,13376,58,,,,
2492,13374,17,13373,30,,,13375,47,,,,
2493,13373,66,,,,,13374,24,13375,42,,
2494,13373,65,,,,,13375,65,,,,
2495,13373,69,,,,,13374,69,,,,
2496,13373,55,,,,,13374,55,,,,
2497,13373,51,,,,,13374,51,,,,
2498,13373,65,,,,,13374,65,,,,
2499,13372,58,,,,,13373,58,,,,
2500,13372,64,,,,,13374,64,,,,
2501,13372,55,,,,,13374,55,,,,
2502,13372,58,,,,,13373,58,,,,
2503,13372,52,,,,,13373,16,13374,36,,
2504,13373,53,,,,,13374,53,,,,
2505,13373,64,,,,,13374,64,,,,
2506,13373,70,,,,,13374,26,13375,44,,
2507,13373,66,,,,,13374,66,,,,
2508,13372,60,,,,,13373,25,13374,35,,
2509,13372,73,,,,,13373,73,,,,
2510,13371,70,,,,,13373,70,,,,
2511,13372,16,13371,35,,,13373,51,,,,
2512,13372,75,,,,,13373,64,,,,
2513,13371,63,,,,,13372,63,,,,
2514,13370,68,,,,,13372,68,,,,
2515,13369,62,,,,,13370,62,,,,
2516,13369,29,13368,48,,,13370,77,,,,
2517,13372,26,13371,30,,,13373,56,,,,
2518,13372,17,13371,41,,,13373,58,,,,
2519,13372,67,,,,,13373,67,,,,
2520,13374,25,13373,30,,,13375,55,,,,
2521,13373,59,,,,,13375,59,,,,
2522,13373,57,,,,,13374,10,13375,57,,
2523,13374,57,,,,,13375,22,13376,35,,
2524,13374,52,,,,,13376,52,,,,
2525,13374,67,,,,,13375,22,13376,45,,
2526,13374,68,,,,,13375,68,,,,
2527,13373,73,,,,,13374,73,,,,
2528,13373,20,13372,39,,,13374,59,,,,
2529,13372,47,,,,,13373,17,13374,30,,
2530,13374,71,,,,,13375,25,13376,46,,
2531,13375,21,13374,41,,,13376,62,,,,
2532,13375,69,,,,,13377,69,,,,
2533,13376,71,,,,,13377,71,,,,
2534,13376,21,13375,44,,,13377,65,,,,
2535,13375,65,,,,,13377,65,,,,
2536,13376,18,13375,41,,,13377,59,,,,
2537,13375,62,,,,,13376,30,13377,32,,
2538,13375,68,,,,,13377,68,,,,
2539,13375,71,,,,,13376,71,,,,
2540,13374,60,,,,,13376,60,,,,
2541,13374,69,,,,,13375,24,13376,45,,
2542,13374,67,,,,,13375,23,13376,44,,
2543,13374,47,,,,,13375,15,13376,32,,
2544,13373,62,,,,,13375,62,,,,
2545,13373,61,,,,,13374,16,13375,45,,
2546,13373,25,13372,46,,,13374,71,,,,
2547,13373,24,13372,42,,,13374,66,,,,
2548,13372,60,,,,,13373,24,13374,36,,
2549,13371,75,,,,,13373,75,,,,
2550,13370,53,,,,,13372,53,,,,
2551,13369,72,,,,,13371,72,,,,
2552,13369,69,,,,,13371,69,,,,
2553,13370,59,,,,,13371,59,,,,
2554,13370,53,,,,,13371,53,,,,
2555,13369,56,,,,,13371,56,,,,
2556,13370,60,,,,,13371,60,,,,
2557,13370,23,13369,36,,,13371,59,,,,
2558,13369,27,13368,34,,,13370,61,,,,
2559,13368,49,,,,,13369,49,,,,
2560,13369,60,,,,,13370,60,,,,
2561,13369,62,,,,,13370,62,,,,
2562,13368,50,,,,,13369,16,13370,34,,
2563,13369,27,13368,41,,,13370,68,,,,
2564,13369,24,13368,33,,,13370,57,,,,
2565,13369,27,13368,43,,,13370,70,,,,
2566,13369,80,,,,,13371,80,,,,
2567,13369,59,,,,,13371,59,,,,
2568,13370,25,13369,32,,,13371,57,,,,
2569,13370,26,13369,31,,,13371,57,,,,
2570,13369,70,,,,,13370,29,13371,41,,
2571,13369,25,13368,40,,,13370,65,,,,
2572,13369,51,,,,,13370,51,,,,
2573,13368,66,,,,,13370,66,,,,
2574,13368,65,,,,,13370,65,,,,
2575,13368,64,,,,,13370,64,,,,
2576,13369,30,13368,34,,,13370,64,,,,
2577,13369,25,13368,32,,,13370,57,,,,
2578,13368,70,,,,,13370,70,,,,
2579,13368,79,,,,,13369,79,,,,
2580,13368,53,,,,,13369,53,,,,
2581,13367,61,,,,,13369,61,,,,
2582,13368,30,13367,42,,,13369,72,,,,
2583,13369,59,,,,,13371,59,,,,
2584,13372,16,13371,50,,,13373,66,,,,
2585,13371,60,,,,,13372,30,13373,30,,
2586,13371,65,,,,,13372,19,13373,46,,
2587,13371,70,,,,,13372,70,,,,
2588,13371,74,,,,,13372,74,,,,
2589,13371,68,,,,,13372,68,,,,
2590,13371,67,,,,,13372,21,13373,46,,
2591,13371,60,,,,,13373,60,,,,
2592,13371,70,,,,,13372,70,,,,
2593,13371,54,,,,,13372,22,13373,32,,
2594,13372,26,13371,40,,,13373,66,,,,
2595,13371,53,,,,,13373,53,,,,
2596,13372,65,,,,,13373,65,,,,
2597,13372,52,,,,,13373,21,13374,31,,
2598,13373,23,13372,39,,,13374,62,,,,
2599,13373,55,,,,,13374,55,,,,
2600,13372,78,,,,,13373,28,13374,50,,
2601,13372,54,,,,,13373,54,,,,
2602,13372,64,,,,,13374,64,,,,
2603,13372,49,,,,,13374,49,,,,
2604,13373,24,13372,47,,,13374,71,,,,
2605,13372,53,,,,,13374,53,,,,
2606,13372,56,,,,,13373,20,13374,36,,
2607,13372,64,,,,,13373,20,13374,44,,
2608,13373,49,,,,,13374,17,13375,32,,
2609,13373,63,,,,,13374,63,,,,
2610,13373,69,,,,,13374,69,,,,
2611,13373,27,13372,38,,,13374,65,,,,
2612,13374,59,,,,,13375,59,,,,
2613,13375,61,,,,,13377,61,,,,
2614,13375,76,,,,,13376,76,,,,
2615,13375,71,,,,,13376,71,,,,
2616,13376,67,,,,,13377,67,,,,
2617,13376,71,,,,,13377,71,,,,
2618,13374,55,,,,,13376,55,,,,
2619,13374,54,,,,,13375,22,13376,32,,
2620,13374,19,13373,35,,,13375,54,,,,
2621,13373,60,,,,,13374,18,13375,31,,
2622,13375,59,,,,,13377,59,,,,
2623,13375,56,,,,,13376,56,,,,
2624,13375,74,,,,,13376,74,,,,
2625,13375,72,,,,,13377,72,,,,
2626,13375,61,,,,,13377,61,,,,
2627,13377,22,13376,38,,,13378,60,,,,
2628,13377,58,,,,,13378,58,,,,
2629,13378,27,13377,44,,,13379,64,,,,
2630,13378,54,,,,,13379,54,,,,
2631,13378,75,,,,,13379,75,,,,
2632,13378,56,,,,,13380,56,,,,
2633,13378,67,,,,,13379,67,,,,
2634,13377,58,,,,,13379,58,,,,
2635,13378,24,13377,37,,,13379,55,,,,
2636,13378,69,,,,,13379,69,,,,
2637,13378,29,13377,43,,,13379,72,,,,
2638,13379,60,,,,,13380,60,,,,
2639,13378,74,,,,,13379,74,,,,
2640,13378,68,,,,,13380,68,,,,
2641,13379,68,,,,,13380,68,,,,
2642,13379,68,,,,,13381,68,,,,
2643,13379,52,,,,,13380,52,,,,
2644,13379,71,,,,,13380,71,,,,
2645,13378,67,,,,,13380,67,,,,
2646,13379,66,,,,,13380,66,,,,
2647,13379,58,,,,,13380,28,13381,30,,
2648,13381,25,13380,33,,,13382,58,,,,
2649,13381,63,,,,,13382,17,13383,46,,
2650,13381,62,,,,,13382,25,13383,37,,
2651,13382,51,,,,,13383,51,,,,
2652,13381,68,,,,,13382,25,13383,43,,
2653,13381,69,,,,,13383,69,,,,
2654,13382,25,13381,40,,,13383,65,,,,
2655,13382,19,13381,31,,,13383,50,,,,
2656,13382,68,,,,,13384,68,,,,
2657,13382,66,,,,,13384,66,,,,
2658,13382,65,,,,,13383,65,,,,
2659,13382,75,,,,,13383,75,,,,
2660,13381,49,,,,,13383,49,,,,
2661,13381,59,,,,,13382,17,13383,42,,
2662,13381,73,,,,,13382,73,,,,
2663,13381,61,,,,,13383,61,,,,
2664,13381,59,,,,,13383,59,,,,
2665,13381,62,,,,,13382,62,,,,
2666,13381,55,,,,,13383,55,,,,
2667,13381,71,,,,,13382,25,13383,46,,
2668,13382,30,13381,40,,,13383,70,,,,
2669,13381,66,,,,,13382,24,13383,42,,
2670,13383,55,,,,,13385,55,,,,
2671,13384,15,13383,49,,,13385,64,,,,
2672,13384,74,,,,,13386,74,,,,
2673,13385,22,13384,34,,,13386,56,,,,
2674,13385,46,,,,,13386,46,,,,
2675,13385,24,13384,37,,,13386,61,,,,
2676,13386,53,,,,,13387,53,,,,
2677,13385,66,,,,,13386,28,13387,38,,
2678,13386,62,,,,,13387,62,,,,
2679,13386,29,13385,40,,,13387,69,,,,
2680,13385,67,,,,,13387,67,,,,
2681,13385,75,,,,,13387,75,,,,
2682,13386,53,,,,,13388,53,,,,
2683,13387,71,,,,,13389,71,,,,
2684,13391,20,13390,36,,,13392,56,,,,
2685,13391,26,13390,36,,,13392,62,,,,
2686,13391,66,,,,,13392,20,13393,46,,
2687,13390,65,,,,,13391,65,,,,
2688,13390,51,,,,,13391,51,,,,
2689,13391,16,13390,38,,,13392,54,,,,
2690,13391,66,,,,,13392,66,,,,
2691,13391,58,,,,,13392,27,13393,31,,
2692,13392,15,13391,50,,,13393,65,,,,
2693,13390,54,,,,,13391,18,13392,36,,
2694,13390,56,,,,,13392,56,,,,
2695,13390,62,,,,,13392,62,,,,
2696,13390,49,,,,,13392,49,,,,
2697,13390,71,,,,,13391,26,13392,45,,
2698,13392,30,13391,47,,,13393,77,,,,
2699,13392,59,,,,,13393,29,13394,30,,
2700,13392,26,13391,40,,,13393,66,,,,
2701,13392,57,,,,,13393,57,,,,
2702,13393,17,13392,41,,,13394,58,,,,
2703,13392,59,,,,,13394,59,,,,
2704,13392,75,,,,,13393,75,,,,
2705,13392,66,,,,,13393,66,,,,
2706,13391,54,,,,,13392,54,,,,
2707,13391,24,13390,43,,,13392,67,,,,
2708,13389,66,,,,,13390,66,,,,
2709,13389,74,,,,,13390,27,13391,47,,
2710,13389,59,,,,,13391,59,,,,
2711,13390,60,,,,,13391,60,,,,
2712,13390,58,,,,,13391,19,13392,39,,
2713,13390,61,,,,,13391,29,13392,32,,
2714,13390,50,,,,,13391,18,13392,32,,
2715,13390,62,,,,,13391,68,,,,
2716,13387,76,,,,,13388,76,,,,
2717,13387,67,,,,,13389,67,,,,
2718,13387,69,,,,,13389,69,,,,
2719,13389,25,13388,40,,,13390,65,,,,
2720,13389,73,,,,,13390,73,,,,
2721,13389,63,,,,,13390,63,,,,
2722,13389,30,13388,49,,,13390,79,,,,
2723,13389,68,,,,,13390,68,,,,
2724,13389,63,,,,,13390,63,,,,
2725,13389,16,13388,33,,,13390,49,,,,
2726,13389,26,13388,48,,,13390,74,,,,
2727,13389,71,,,,,13390,71,,,,
2728,13389,66,,,,,13390,66,,,,
2729,13389,29,13388,36,,,13390,65,,,,
2730,13388,63,,,,,13389,18,13390,45,,
2731,13388,58,,,,,13389,58,,,,
2732,13388,73,,,,,13389,25,13390,48,,
2733,13388,70,,,,,13389,27,13390,43,,
2734,13388,67,,,,,13389,20,13390,47,,
2735,13388,57,,,,,13389,57,,,,
2736,13388,61,,,,,13389,26,13390,35,,
2737,13388,69,,,,,13390,69,,,,
2738,13389,21,13388,41,,,13390,62,,,,
2739,13389,51,,,,,13391,51,,,,
2740,13388,60,,,,,13389,23,13390,37,,
2741,13389,27,13388,31,,,13390,58,,,,
2742,13389,58,,,,,13390,58,,,,
2743,13389,75,,,,,13391,75,,,,
2744,13390,65,,,,,13391,29,13392,36,,
2745,13390,52,,,,,13392,52,,,,
2746,13390,59,,,,,13392,59,,,,
2747,13390,68,,,,,13392,68,,,,
2748,13390,73,,,,,13391,73,,,,
2749,13389,72,,,,,13390,29,13391,43,,
2750,13388,56,,,,,13389,56,,,,
2751,13388,18,13387,30,,,13389,48,,,,
2752,13387,67,,,,,13388,6,13389,67,,
2753,13388,21,13387,44,,,13389,65,,,,
2754,13388,60,,,,,13389,60,,,,
2755,13388,74,,,,,13390,74,,,,
2756,13387,58,,,,,13388,23,13389,35,,
2757,13387,62,,,,,13388,62,,,,
2758,13387,68,,,,,13388,26,13389,42,,
2759,13387,44,,,,,13389,55,,,,
2760,13387,60,,,,,13388,60,,,,
2761,13387,22,13386,40,,,13388,62,,,,
2762,13386,73,,,,,13388,73,,,,
2763,13386,26,13385,50,,,13387,76,,,,
2764,13385,52,,,,,13387,58,,,,
2765,13386,58,,,,,13387,58,,,,
2766,13386,58,,,,,13387,58,,,,
2767,13386,75,,,,,13388,75,,,,
2768,13386,64,,,,,13387,64,,,,
2769,13385,67,,,,,13387,67,,,,
2770,13385,58,,,,,13387,58,,,,
2771,13385,66,,,,,13386,66,,,,
2772,13384,63,,,,,13386,63,,,,
2773,13384,56,,,,,13385,56,,,,
2774,13384,53,,,,,13385,53,,,,
2775,13384,62,,,,,13385,62,,,,
2776,13384,15,13383,39,,,13385,54,,,,
2777,13384,54,,,,,13385,54,,,,
2778,13383,60,,,,,13384,30,13385,30,,
2779,13383,24,13382,34,,,13384,58,,,,
2780,13383,59,,,,,13384,59,,,,
2781,13383,64,,,,,13384,64,,,,
2782,13383,73,,,,,13384,24,13385,49,,
2783,13383,62,,,,,13384,62,,,,
2784,13383,66,,,,,13385,66,,,,
2785,13383,22,13382,43,,,13384,65,,,,
2786,13383,17,13382,38,,,13384,55,,,,
2787,13383,77,,,,,13384,77,,,,
2788,13383,66,,,,,13385,66,,,,
2789,13383,61,,,,,13385,61,,,,
2790,13384,57,,,,,13385,57,,,,
2791,13386,60,,,,,13387,60,,,,
2792,13387,66,,,,,13388,66,,,,
2793,13387,73,,,,,13389,73,,,,
2794,13387,47,,,,,13389,47,,,,
2795,13388,20,13387,35,,,13389,55,,,,
2796,13388,59,,,,,13389,59,,,,
2797,13387,69,,,,,13389,69,,,,
2798,13388,22,13387,32,,,13389,54,,,,
2799,13388,72,,,,,13390,72,,,,
2800,13389,59,,,,,13391,59,,,,
2801,13390,67,,,,,13391,67,,,,
2802,13390,20,13389,39,,,13391,59,,,,
2803,13389,62,,,,,13391,62,,,,
2804,13389,60,,,,,13391,60,,,,
2805,13389,79,,,,,13390,79,,,,
2806,13388,58,,,,,13390,58,,,,
2807,13388,61,,,,,13389,29,13390,32,,
2808,13388,55,,,,,13389,55,,,,
2809,13388,49,,,,,13389,19,13390,30,,
2810,13388,58,,,,,13390,58,,,,
2811,13388,15,13387,39,,,13389,54,,,,
2812,13387,62,,,,,13389,62,,,,
2813,13387,65,,,,,13389,65,,,,
2814,13389,26,13388,45,,,13390,71,,,,
2815,13392,67,,,,,13393,67,,,,
2816,13394,15,13393,39,,,13395,54,,,,
2817,13395,57,,,,,13396,27,13397,30,,
2818,13395,49,,,,,13396,15,13397,34,,
2819,13400,57,,,,,13402,57,,,,
2820,13400,59,,,,,13402,59,,,,
2821,13398,76,,,,,13400,76,,,,
2822,13399,54,,,,,13401,54,,,,
2823,13399,62,,,,,13400,62,,,,
2824,13399,76,,,,,13401,76,,,,
2825,13400,71,,,,,13402,71,,,,
2826,13401,77,,,,,13402,77,,,,
2827,13402,76,,,,,13403,76,,,,
2828,13403,65,,,,,13404,65,,,,
2829,13403,56,,,,,13405,56,,,,
2830,13404,59,,,,,13405,22,13406,37,,
2831,13407,25,13406,45,,,13408,70,,,,
2832,13406,19,13405,33,,,13407,52,,,,
2833,13405,72,,,,,13406,72,,,,
2834,13406,53,,,,,13408,53,,,,
2835,13407,69,,,,,13409,69,,,,
2836,13408,15,13407,50,,,13409,65,,,,
2837,13408,65,,,,,13409,65,,,,
2838,13408,63,,,,,13409,63,,,,
2839,13408,56,,,,,13410,56,,,,
2840,13407,66,,,,,13409,66,,,,
2841,13408,64,,,,,13409,64,,,,
2842,13408,29,13407,36,,,13409,65,,,,
2843,13407,56,,,,,13408,56,,,,
2844,13407,60,,,,,13409,60,,,,
2845,13406,52,,,,,13408,52,,,,
2846,13405,18,13404,42,,,13406,60,,,,
2847,13405,74,,,,,13406,24,13407,50,,
2848,13405,73,,,,,13406,73,,,,
2849,13404,75,,,,,13406,75,,,,
2850,13404,51,,,,,13405,51,,,,
2851,13403,50,,,,,13405,50,,,,
2852,13405,29,13404,39,,,13406,68,,,,
2853,13405,66,,,,,13406,28,13407,38,,
2854,13406,26,13405,47,,,13407,73,,,,
2855,13406,27,13405,38,,,13407,65,,,,
2856,13405,57,,,,,13406,16,13407,41,,
2857,13406,22,13405,49,,,13407,71,,,,
2858,13405,67,,,,,13407,67,,,,
2859,13405,69,,,,,13406,21,13407,48,,
2860,13404,63,,,,,13405,63,,,,
2861,13404,57,,,,,13405,57,,,,
2862,13405,16,13404,36,,,13406,52,,,,
2863,13405,73,,,,,13406,73,,,,
2864,13405,63,,,,,13406,63,,,,
2865,13406,54,,,,,13407,54,,,,
2866,13406,15,13405,32,,,13407,47,,,,
2867,13406,77,,,,,13407,77,,,,
2868,13407,54,,,,,13409,54,,,,
2869,13408,68,,,,,13409,68,,,,
2870,13408,66,,,,,13409,66,,,,
2871,13408,73,,,,,13409,26,13410,47,,
2872,13408,67,,,,,13409,67,,,,
2873,13408,70,,,,,13409,70,,,,
2874,13407,18,13406,49,,,13408,67,,,,
2875,13408,72,,,,,13409,22,13410,50,,
2876,13408,71,,,,,13410,71,,,,
2877,13409,26,13408,32,,,13410,58,,,,
2878,13409,70,,,,,13410,70,,,,
2879,13409,59,,,,,13410,23,13411,36,,
2880,13410,19,13409,50,,,13411,69,,,,
2881,13410,17,13409,33,,,13411,50,,,,
2882,13407,65,,,,,13409,65,,,,
2883,13408,69,,,,,13409,69,,,,
2884,13408,64,,,,,13409,64,,,,
2885,13407,52,,,,,13409,52,,,,
2886,13407,25,13406,46,,,13408,71,,,,
2887,13407,69,,,,,13408,69,,,,
2888,13407,58,,,,,13408,58,,,,
2889,13404,71,,,,,13406,71,,,,
2890,13405,15,13404,36,,,13406,51,,,,
2891,13405,63,,,,,13406,71,,,,
2892,13405,27,13404,50,,,13406,77,,,,
2893,13405,25,13404,34,,,13406,59,,,,
2894,13405,28,13404,38,,,13406,66,,,,
2895,13404,68,,,,,13405,3,13406,68,,
2896,13404,69,,,,,13406,69,,,,
2897,13405,20,13404,45,,,13406,65,,,,
2898,13404,71,,,,,13405,71,,,,
2899,13402,64,,,,,13403,64,,,,
2900,13403,59,,,,,13404,59,,,,
2901,13402,61,,,,,13404,61,,,,
2902,13401,18,13400,48,,,13402,66,,,,
2903,13401,67,,,,,13402,67,,,,
2904,13401,64,,,,,13403,64,,,,
2905,13401,67,,,,,13402,67,,,,
2906,13401,15,13400,31,,,13402,46,,,,
2907,13399,72,,,,,13401,72,,,,
2908,13399,68,,,,,13400,68,,,,
2909,13399,65,,,,,13400,65,,,,
2910,13398,65,,,,,13400,65,,,,
2911,13399,47,,,,,13400,47,,,,
2912,13399,63,,,,,13401,63,,,,
2913,13399,10,13398,34,,,13400,53,,,,
2914,13403,65,,,,,13404,25,13405,40,,
2915,13404,63,,,,,13406,63,,,,
2916,13405,68,,,,,13406,68,,,,
2917,13403,72,,,,,13404,72,,,,
2918,13404,72,,,,,13405,24,13406,48,,
2919,13404,66,,,,,13406,66,,,,
2920,13406,48,,,,,13408,48,,,,
2921,13406,72,,,,,13407,23,13408,49,,
2922,13406,55,,,,,13408,55,,,,
2923,13406,59,,,,,13407,59,,,,
2924,13406,62,,,,,13407,62,,,,
2925,13406,28,13405,48,,,13407,76,,,,
2926,13405,58,,,,,13406,58,,,,
2927,13405,64,,,,,13407,64,,,,
2928,13405,68,,,,,13406,20,13407,48,,
2929,13405,22,13404,41,,,13406,63,,,,
2930,13404,66,,,,,13405,58,,,,
2931,13404,63,,,,,13405,63,,,,
2932,13404,29,13403,44,,,13405,73,,,,
2933,13404,48,,,,,13405,48,,,,
2934,13400,53,,,,,13402,53,,,,
2935,13400,62,,,,,13401,62,,,,
2936,13400,58,,,,,13401,58,,,,
2937,13400,68,,,,,13401,28,13402,40,,
2938,13401,30,13400,34,,,13402,64,,,,
2939,13400,55,,,,,13401,55,,,,
2940,13399,71,,,,,13401,71,,,,
2941,13399,55,,,,,13400,55,,,,
2942,13399,73,,,,,13400,73,,,,
2943,13398,69,,,,,13400,69,,,,
2944,13398,63,,,,,13400,63,,,,
2945,13399,24,13398,42,,,13400,66,,,,
2946,13397,63,,,,,13399,63,,,,
2947,13398,63,,,,,13399,24,13400,39,,
2948,13398,75,,,,,13399,75,,,,
2949,13397,19,13396,31,,,13398,50,,,,
2950,13397,57,,,,,13398,57,,,,
2951,13399,17,13398,32,,,13400,49,,,,
2952,13398,69,,,,,13399,27,13400,42,,
2953,13398,65,,,,,13399,28,13400,37,,
2954,13398,72,,,,,13399,22,13400,50,,
2955,13398,48,,,,,13399,48,,,,
2956,13396,48,,,,,13398,48,,,,
2957,13395,56,,,,,13396,11,13397,56,,
2958,13396,67,,,,,13397,67,,,,
2959,13396,62,,,,,13397,62,,,,
2960,13397,28,13396,49,,,13398,77,,,,
2961,13396,58,,,,,13397,58,,,,
2962,13396,53,,,,,13398,53,,,,
2963,13397,22,13396,44,,,13398,66,,,,
2964,13397,68,,,,,13398,68,,,,
2965,13398,67,,,,,13400,67,,,,
2966,13397,74,,,,,13398,26,13399,48,,
2967,13397,27,13396,38,,,13398,65,,,,
2968,13397,16,13396,46,,,13398,70,,,,
2969,13397,63,,,,,13399,63,,,,
2970,13397,69,,,,,13398,21,13399,48,,
2971,13397,63,,,,,13399,63,,,,
2972,13399,53,,,,,13400,57,,,,
2973,13398,53,,,,,13399,53,,,,
2974,13398,28,13397,36,,,13399,64,,,,
2975,13397,55,,,,,13399,55,,,,
2976,13397,54,,,,,13399,54,,,,
2977,13398,25,13397,33,,,13399,58,,,,
2978,13398,64,,,,,13399,64,,,,
2979,13399,50,,,,,13400,50,,,,
2980,13400,57,,,,,13401,57,,,,
2981,13401,63,,,,,13402,63,,,,
2982,13401,65,,,,,13402,65,,,,
2983,13401,21,13400,43,,,13402,64,,,,
2984,13400,67,,,,,13402,67,,,,
