timestamp,bid_price_1,bid_volume_1,bid_price_2,bid_volume_2,bid_price_3,bid_volume_3,ask_price_1,ask_volume_1,ask_price_2,ask_volume_2,ask_price_3,ask_volume_3
0,2028,30,,,,,2032,30,,,,
1,2030,4,2028,31,,,2032,31,,,,
2,2029,1,2028,21,,,2032,22,,,,
3,2029,25,,,,,2032,25,,,,
4,2029,2,2028,23,,,2030,6,2032,25,,
5,2028,24,,,,,2031,24,,,,
6,2028,26,,,,,2031,26,,,,
7,2029,5,2028,27,,,2032,27,,,,
8,2028,26,,,,,2032,26,,,,
9,2029,29,,,,,2032,29,,,,
10,2029,28,,,,,2032,28,,,,
11,2029,31,,,,,2032,25,,,,
12,2030,8,2029,30,,,2033,30,,,,
13,2029,28,,,,,2030,5,2033,28,,
14,2029,25,,,,,2033,26,,,,
15,2032,1,2029,22,,,2033,22,,,,
16,2029,23,,,,,2033,23,,,,
17,2029,27,,,,,2031,8,2033,27,,
18,2030,8,2029,27,,,2033,27,,,,
19,2030,31,,,,,2033,31,,,,
20,2030,19,,,,,2033,26,,,,
21,2030,23,,,,,2034,23,,,,
22,2030,32,,,,,2034,32,,,,
23,2030,24,,,,,2033,24,,,,
24,2032,10,2030,25,,,2033,25,,,,
25,2030,21,,,,,2033,1,2034,20,,
26,2030,25,,,,,2034,25,,,,
27,2030,25,,,,,2032,3,2033,1,2034,24
28,2033,1,2030,29,,,2034,29,,,,
29,2030,25,,,,,2034,25,,,,
30,2030,31,,,,,2034,31,,,,
31,2031,27,,,,,2034,28,,,,
32,2031,2,2030,30,,,2034,32,,,,
33,2031,28,,,,,2034,28,,,,
34,2030,29,,,,,2034,29,,,,
35,2031,30,,,,,2034,30,,,,
36,2031,23,,,,,2034,21,,,,
37,2031,2,2030,29,,,2032,4,2034,31,,
38,2030,30,,,,,2032,2,2033,30,,
39,2030,25,,,,,2033,25,,,,
40,2030,34,,,,,2033,29,,,,
41,2030,31,,,,,2033,24,,,,
42,2030,31,,,,,2033,28,,,,
43,2030,31,,,,,2033,31,,,,
44,2030,34,,,,,2033,27,,,,
45,2030,5,2029,27,,,2033,27,,,,
46,2029,22,,,,,2032,1,2033,21,,
47,2029,27,,,,,2031,1,2032,27,,
48,2029,25,,,,,2031,3,2032,25,,
49,2029,22,,,,,2032,22,,,,
50,2029,1,2028,22,,,2030,1,2032,23,,
51,2031,1,2028,25,,,2032,25,,,,
52,2029,2,2028,22,,,2032,24,,,,
53,2029,25,,,,,2032,25,,,,
54,2029,27,,,,,2030,6,2032,27,,
55,2029,36,,,,,2032,30,,,,
56,2031,2,2029,27,,,2032,1,2033,26,,
57,2029,25,,,,,2031,5,2033,25,,
58,2031,1,2029,24,,,2033,24,,,,
59,2030,9,2029,21,,,2033,21,,,,
60,2029,24,,,,,2032,2,2033,22,,
61,2029,25,,,,,2030,5,2033,25,,
62,2029,30,,,,,2033,30,,,,
63,2029,24,,,,,2033,25,,,,
64,2030,4,2029,23,,,2032,23,,,,
65,2031,3,2029,20,,,2032,20,,,,
66,2029,27,,,,,2032,27,,,,
67,2029,33,,,,,2032,28,,,,
68,2029,24,,,,,2033,24,,,,
69,2030,28,,,,,2032,4,2033,28,,
70,2031,6,2030,29,,,2033,29,,,,
71,2030,30,,,,,2033,30,,,,
72,2030,23,,,,,2033,23,,,,
73,2030,25,,,,,2033,25,,,,
74,2030,30,,,,,2032,6,2033,30,,
75,2030,29,,,,,2033,29,,,,
76,2030,26,,,,,2033,26,,,,
77,2030,28,,,,,2032,5,2033,28,,
78,2032,1,2030,23,,,2033,23,,,,
79,2032,1,2030,26,,,2033,26,,,,
80,2030,6,2029,22,,,2033,23,,,,
81,2030,5,2029,22,,,2033,22,,,,
82,2030,20,,,,,2032,8,2033,20,,
83,2030,27,,,,,2033,27,,,,
84,2030,34,,,,,2033,26,,,,
85,2030,30,,,,,2033,30,,,,
86,2030,23,,,,,2032,4,2033,23,,
87,2030,30,,,,,2032,6,2033,30,,
88,2030,24,,,,,2033,23,,,,
89,2030,27,,,,,2033,27,,,,
90,2030,23,,,,,2033,23,,,,
91,2030,31,,,,,2033,31,,,,
92,2030,24,,,,,2032,7,2033,24,,
93,2032,4,2030,28,,,2033,23,,,,
94,2030,24,,,,,2033,24,,,,
95,2030,29,,,,,2032,4,2033,29,,
96,2030,14,,,,,2033,20,,,,
97,2029,25,,,,,2033,25,,,,
98,2030,21,,,,,2033,21,,,,
99,2030,22,,,,,2033,22,,,,
100,2030,31,,,,,2033,31,,,,
101,2032,4,2030,22,,,2033,22,,,,
102,2030,25,,,,,2033,25,,,,
103,2030,22,,,,,2033,22,,,,
104,2030,30,,,,,2032,5,2033,30,,
105,2030,28,,,,,2033,28,,,,
106,2030,23,,,,,2032,3,2033,23,,
107,2029,23,,,,,2033,23,,,,
108,2029,22,,,,,2033,23,,,,
109,2029,30,,,,,2033,30,,,,
110,2029,30,,,,,2032,1,2033,29,,
111,2029,31,,,,,2033,31,,,,
112,2029,29,,,,,2032,1,2033,28,,
113,2029,27,,,,,2033,27,,,,
114,2029,24,,,,,2033,24,,,,
115,2030,7,2029,29,,,2033,29,,,,
116,2029,26,,,,,2031,6,2033,26,,
117,2029,22,,,,,2033,22,,,,
118,2029,21,,,,,2033,21,,,,
119,2029,25,,,,,2033,25,,,,
120,2030,25,,,,,2033,25,,,,
121,2030,2,2029,20,,,2033,22,,,,
122,2029,28,,,,,2033,28,,,,
123,2030,28,,,,,2031,6,2033,24,,
124,2030,30,,,,,2033,30,,,,
125,2030,31,,,,,2032,8,2033,31,,
126,2030,31,,,,,2033,31,,,,
127,2030,31,,,,,2033,31,,,,
128,2030,31,,,,,2032,3,2033,31,,
129,2030,24,,,,,2032,4,2033,24,,
130,2029,27,,,,,2033,27,,,,
131,2031,2,2030,7,2029,30,2032,2,2033,28,,
132,2030,28,,,,,2032,3,2033,28,,
133,2030,28,,,,,2032,6,2033,28,,
134,2030,34,,,,,2033,26,,,,
135,2030,35,,,,,2033,30,,,,
136,2032,5,2030,25,,,2033,25,,,,
137,2031,3,2030,30,,,2034,30,,,,
138,2030,25,,,,,2034,25,,,,
139,2030,20,,,,,2034,20,,,,
140,2033,1,2030,27,,,2034,27,,,,
141,2032,3,2030,24,,,2034,24,,,,
142,2030,24,,,,,2034,24,,,,
143,2030,30,,,,,2031,1,2034,30,,
144,2030,23,,,,,2032,4,2034,23,,
145,2030,22,,,,,2031,2,2032,1,2034,23
146,2030,21,,,,,2034,21,,,,
147,2030,26,,,,,2034,26,,,,
148,2030,22,,,,,2032,5,2034,23,,
149,2030,30,,,,,2034,30,,,,
150,2030,22,,,,,2034,23,,,,
151,2033,1,2030,26,,,2034,26,,,,
152,2030,25,,,,,2031,3,2034,25,,
153,2031,4,2030,24,,,2034,24,,,,
154,2030,26,,,,,2032,3,2034,26,,
155,2030,20,,,,,2032,5,2033,20,,
156,2031,8,2030,24,,,2033,1,2034,23,,
157,2030,22,,,,,2033,22,,,,
158,2030,26,,,,,2032,3,2033,26,,
159,2030,27,,,,,2033,27,,,,
160,2030,35,,,,,2033,27,,,,
161,2030,29,,,,,2033,29,,,,
162,2032,1,2030,21,,,2033,21,,,,
163,2030,31,,,,,2032,2,2033,31,,
164,2030,20,,,,,2033,24,,,,
165,2030,27,,,,,2032,6,2033,27,,
166,2030,25,,,,,2033,25,,,,
167,2030,23,,,,,2033,24,,,,
168,2030,32,,,,,2033,32,,,,
169,2030,30,,,,,2033,24,,,,
170,2030,23,,,,,2033,23,,,,
171,2030,30,,,,,2033,31,,,,
172,2030,26,,,,,2033,26,,,,
173,2030,28,,,,,2032,2,2033,28,,
174,2030,29,,,,,2033,25,,,,
175,2030,24,,,,,2033,24,,,,
176,2030,27,,,,,2033,27,,,,
177,2030,24,,,,,2033,24,,,,
178,2030,23,,,,,2033,23,,,,
179,2030,30,,,,,2033,30,,,,
180,2032,5,2030,28,,,2033,28,,,,
181,2030,21,,,,,2033,21,,,,
182,2032,1,2030,2,2029,23,2033,24,,,,
183,2030,2,2029,29,,,2033,29,,,,
184,2029,30,,,,,2031,3,2033,30,,
185,2029,32,,,,,2033,32,,,,
186,2029,31,,,,,2031,7,2033,31,,
187,2029,27,,,,,2031,3,2033,27,,
188,2029,24,,,,,2031,8,2033,24,,
189,2030,4,2029,28,,,2033,28,,,,
190,2031,5,2029,25,,,2033,25,,,,
191,2030,1,2029,28,,,2031,12,2033,29,,
192,2030,1,2029,28,,,2033,29,,,,
193,2030,5,2029,30,,,2033,32,,,,
194,2030,5,2029,20,,,2033,21,,,,
195,2030,23,,,,,2033,22,,,,
196,2030,31,,,,,2033,31,,,,
197,2030,25,,,,,2033,25,,,,
198,2030,20,,,,,2033,20,,,,
199,2030,28,,,,,2033,28,,,,
200,2030,29,,,,,2033,29,,,,
201,2030,31,,,,,2033,31,,,,
202,2030,29,,,,,2033,29,,,,
203,2030,23,,,,,2033,23,,,,
204,2030,24,,,,,2033,24,,,,
205,2032,10,2030,30,,,2033,30,,,,
206,2030,23,,,,,2033,23,,,,
207,2030,31,,,,,2033,31,,,,
208,2032,1,2030,25,,,2033,25,,,,
209,2030,24,,,,,2033,24,,,,
210,2030,27,,,,,2033,27,,,,
211,2030,30,,,,,2033,30,,,,
212,2030,23,,,,,2033,23,,,,
213,2030,28,,,,,2032,5,2034,29,,
214,2030,30,,,,,2034,30,,,,
215,2030,24,,,,,2032,5,2034,24,,
216,2030,28,,,,,2034,29,,,,
217,2030,31,,,,,2034,31,,,,
218,2030,28,,,,,2034,29,,,,
219,2031,1,2030,30,,,2034,30,,,,
220,2031,4,2030,24,,,2032,2,2034,24,,
221,2031,24,,,,,2034,25,,,,
222,2031,28,,,,,2033,6,2034,28,,
223,2031,30,,,,,2034,30,,,,
224,2031,26,,,,,2034,26,,,,
225,2031,27,,,,,2034,27,,,,
226,2031,27,,,,,2034,27,,,,
227,2031,28,,,,,2034,28,,,,
228,2031,30,,,,,2034,30,,,,
229,2031,26,,,,,2034,26,,,,
230,2031,26,,,,,2034,26,,,,
231,2031,1,2030,23,,,2034,24,,,,
232,2030,26,,,,,2034,26,,,,
233,2032,2,2031,22,,,2033,3,2034,22,,
234,2030,21,,,,,2034,21,,,,
235,2031,28,,,,,2034,28,,,,
236,2031,21,,,,,2033,2,2034,21,,
237,2031,24,,,,,2034,24,,,,
238,2031,23,,,,,2034,23,,,,
239,2033,1,2031,20,,,2034,20,,,,
240,2031,1,2030,22,,,2034,23,,,,
241,2030,26,,,,,2032,5,2034,26,,
242,2032,1,2030,27,,,2034,27,,,,
243,2030,23,,,,,2034,23,,,,
244,2030,25,,,,,2034,25,,,,
245,2031,2,2030,21,,,2034,21,,,,
246,2030,27,,,,,2034,27,,,,
247,2030,22,,,,,2034,22,,,,
248,2030,28,,,,,2034,28,,,,
249,2030,30,,,,,2032,1,2034,30,,
250,2031,8,2030,27,,,2034,27,,,,
251,2030,23,,,,,2034,23,,,,
252,2031,1,2030,24,,,2034,26,,,,
253,2031,2,2030,24,,,2034,26,,,,
254,2030,32,,,,,2034,32,,,,
255,2030,25,,,,,2032,1,2034,25,,
256,2033,1,2030,31,,,2034,31,,,,
257,2031,1,2030,22,,,2032,4,2034,23,,
258,2032,2,2031,28,,,2034,28,,,,
259,2030,28,,,,,2033,3,2034,28,,
260,2031,24,,,,,2034,24,,,,
261,2031,25,,,,,2034,25,,,,
262,2031,26,,,,,2034,26,,,,
263,2031,26,,,,,2034,24,,,,
264,2031,28,,,,,2034,29,,,,
265,2033,1,2031,26,,,2034,24,,,,
266,2031,22,,,,,2034,22,,,,
267,2031,24,,,,,2032,4,2034,24,,
268,2031,24,,,,,2034,24,,,,
269,2031,27,,,,,2034,27,,,,
270,2031,31,,,,,2034,31,,,,
271,2031,24,,,,,2034,24,,,,
272,2031,31,,,,,2034,31,,,,
273,2032,5,2031,33,,,2034,27,,,,
274,2031,22,,,,,2034,25,,,,
275,2031,26,,,,,2034,26,,,,
276,2031,23,,,,,2034,23,,,,
277,2033,3,2031,26,,,2034,26,,,,
278,2031,28,,,,,2034,28,,,,
279,2031,33,,,,,2034,26,,,,
280,2031,24,,,,,2034,24,,,,
281,2031,20,,,,,2034,22,,,,
282,2031,30,,,,,2034,30,,,,
283,2031,24,,,,,2033,7,2034,24,,
284,2031,21,,,,,2034,21,,,,
285,2033,1,2031,31,,,2034,31,,,,
286,2031,30,,,,,2033,7,2034,31,,
287,2031,33,,,,,2034,25,,,,
288,2031,22,,,,,2034,22,,,,
289,2031,25,,,,,2034,22,,,,
290,2031,24,,,,,2034,24,,,,
291,2030,31,,,,,2032,6,2034,31,,
292,2030,20,,,,,2032,2,2034,20,,
293,2030,25,,,,,2031,1,2034,25,,
294,2030,24,,,,,2033,1,2034,23,,
295,2030,29,,,,,2033,24,,,,
296,2030,20,,,,,2034,20,,,,
297,2030,27,,,,,2033,1,2034,26,,
298,2030,30,,,,,2033,1,2034,29,,
299,2030,27,,,,,2031,6,2034,27,,
300,2032,1,2030,21,,,2034,21,,,,
301,2030,22,,,,,2032,1,2034,22,,
302,2030,24,,,,,2033,2,2034,22,,
303,2030,30,,,,,2032,2,2033,30,,
304,2030,23,,,,,2033,23,,,,
305,2030,29,,,,,2032,7,2033,29,,
306,2030,30,,,,,2032,8,2033,30,,
307,2030,22,,,,,2033,23,,,,
308,2030,32,,,,,2033,29,,,,
309,2030,29,,,,,2033,23,,,,
310,2030,20,,,,,2033,20,,,,
311,2030,22,,,,,2033,22,,,,
312,2030,28,,,,,2033,29,,,,
313,2030,30,,,,,2032,7,2033,30,,
314,2030,37,,,,,2033,32,,,,
315,2030,22,,,,,2032,1,2033,23,,
316,2030,32,,,,,2033,32,,,,
317,2030,29,,,,,2033,29,,,,
318,2030,21,,,,,2033,21,,,,
319,2030,29,,,,,2033,29,,,,
320,2030,30,,,,,2031,4,2032,8,2033,30
321,2030,31,,,,,2032,6,2033,31,,
322,2032,1,2030,26,,,2033,26,,,,
323,2030,26,,,,,2033,26,,,,
324,2029,29,,,,,2030,1,2033,29,,
325,2032,1,2029,25,,,2033,25,,,,
326,2029,30,,,,,2031,8,2033,30,,
327,2029,27,,,,,2032,27,,,,
328,2029,23,,,,,2030,5,2031,3,2033,23
329,2030,24,,,,,2032,6,2033,24,,
330,2030,28,,,,,2032,6,2033,28,,
331,2030,24,,,,,2032,2,2033,24,,
332,2030,31,,,,,2033,25,,,,
333,2030,26,,,,,2033,26,,,,
334,2030,27,,,,,2032,6,2033,27,,
335,2030,25,,,,,2032,8,2033,25,,
336,2030,26,,,,,2033,27,,,,
337,2030,28,,,,,2033,23,,,,
338,2029,26,,,,,2033,26,,,,
339,2030,8,2029,24,,,2033,24,,,,
340,2030,6,2029,25,,,2033,25,,,,
341,2029,27,,,,,2033,27,,,,
342,2030,1,2029,27,,,2033,27,,,,
343,2030,1,2029,20,,,2033,22,,,,
344,2030,24,,,,,2033,25,,,,
345,2030,25,,,,,2032,6,2033,25,,
346,2030,22,,,,,2032,2,2033,22,,
347,2029,29,,,,,2033,29,,,,
348,2031,2,2029,24,,,2033,24,,,,
349,2029,24,,,,,2030,1,2033,24,,
350,2030,3,2029,22,,,2033,22,,,,
351,2030,27,,,,,2033,26,,,,
352,2030,23,,,,,2032,5,2033,24,,
353,2030,24,,,,,2034,24,,,,
354,2030,22,,,,,2032,7,2033,22,,
355,2030,24,,,,,2034,25,,,,
356,2030,26,,,,,2033,1,2034,26,,
357,2030,27,,,,,2033,1,2034,26,,
358,2030,30,,,,,2033,2,2034,28,,
359,2030,30,,,,,2032,6,2034,30,,
360,2030,28,,,,,2034,28,,,,
361,2030,26,,,,,2033,26,,,,
362,2030,31,,,,,2033,30,,,,
363,2030,21,,,,,2033,22,,,,
364,2030,28,,,,,2032,1,2033,28,,
365,2029,27,,,,,2033,27,,,,
366,2029,21,,,,,2033,21,,,,
367,2030,29,,,,,2033,30,,,,
368,2031,3,2030,27,,,2033,27,,,,
369,2029,31,,,,,2033,31,,,,
370,2030,3,2029,23,,,2033,23,,,,
371,2032,1,2029,24,,,2033,24,,,,
372,2029,22,,,,,2033,22,,,,
373,2029,27,,,,,2033,27,,,,
374,2029,23,,,,,2033,23,,,,
375,2032,1,2030,37,,,2033,29,,,,
376,2029,26,,,,,2033,26,,,,
377,2032,1,2030,1,2029,28,2033,29,,,,
378,2030,8,2029,27,,,2033,29,,,,
379,2030,20,,,,,2031,3,2033,29,,
380,2030,29,,,,,2033,25,,,,
381,2030,27,,,,,2033,28,,,,
382,2030,23,,,,,2033,23,,,,
383,2030,27,,,,,2033,27,,,,
384,2030,20,,,,,2033,21,,,,
385,2032,1,2030,29,,,2033,25,,,,
386,2030,27,,,,,2033,27,,,,
387,2032,4,2030,30,,,2033,30,,,,
388,2032,4,2030,27,,,2033,27,,,,
389,2030,26,,,,,2032,7,2033,26,,
390,2030,29,,,,,2033,29,,,,
391,2030,30,,,,,2032,6,2033,30,,
392,2032,1,2030,24,,,2033,24,,,,
393,2030,27,,,,,2033,27,,,,
394,2029,29,,,,,2032,2,2033,27,,
395,2029,22,,,,,2033,22,,,,
396,2029,22,,,,,2033,22,,,,
397,2029,20,,,,,2033,20,,,,
398,2029,31,,,,,2032,31,,,,
399,2029,2,2028,30,,,2032,32,,,,
400,2029,1,2028,30,,,2032,31,,,,
401,2028,27,,,,,2032,27,,,,
402,2029,1,2028,22,,,2032,23,,,,
403,2028,25,,,,,2029,2,2032,25,,
404,2029,1,2028,20,,,2032,21,,,,
405,2029,24,,,,,2032,24,,,,
406,2029,26,,,,,2032,26,,,,
407,2029,26,,,,,2032,26,,,,
408,2029,29,,,,,2032,29,,,,
409,2028,22,,,,,2032,22,,,,
410,2029,22,,,,,2032,22,,,,
411,2029,23,,,,,2032,23,,,,
412,2031,3,2029,26,,,2032,26,,,,
413,2029,21,,,,,2030,6,2032,1,2033,20
414,2029,22,,,,,2033,23,,,,
415,2029,30,,,,,2030,2,2033,30,,
416,2029,28,,,,,2032,28,,,,
417,2029,20,,,,,2032,20,,,,
418,2029,35,,,,,2032,30,,,,
419,2028,30,,,,,2029,2,2030,7,2032,30
420,2029,2,2028,28,,,2032,30,,,,
421,2029,24,,,,,2031,3,2032,24,,
422,2029,29,,,,,2032,26,,,,
423,2029,4,2028,24,,,2030,6,2032,24,,
424,2030,7,2028,25,,,2031,25,,,,
425,2028,23,,,,,2030,8,2031,24,,
426,2028,25,,,,,2030,2,2031,25,,
427,2028,21,,,,,2031,22,,,,
428,2028,23,,,,,2031,23,,,,
429,2028,22,,,,,2030,7,2031,22,,
430,2028,25,,,,,2031,25,,,,
431,2028,2,2027,23,,,2031,25,,,,
432,2028,28,,,,,2029,2,2031,28,,
433,2028,20,,,,,2031,20,,,,
434,2028,29,,,,,2029,1,2032,29,,
435,2028,24,,,,,2031,1,2032,23,,
436,2028,21,,,,,2030,8,2032,21,,
437,2028,36,,,,,2031,28,,,,
438,2027,25,,,,,2031,25,,,,
439,2028,34,,,,,2031,28,,,,
440,2028,26,,,,,2031,26,,,,
441,2028,29,,,,,2031,30,,,,
442,2028,22,,,,,2031,22,,,,
443,2028,32,,,,,2031,25,,,,
444,2028,31,,,,,2031,30,,,,
445,2028,27,,,,,2031,27,,,,
446,2028,23,,,,,2031,23,,,,
447,2028,31,,,,,2031,24,,,,
448,2028,24,,,,,2031,24,,,,
449,2030,9,2028,26,,,2032,26,,,,
450,2029,1,2028,26,,,2032,27,,,,
451,2029,27,,,,,2032,27,,,,
452,2029,27,,,,,2032,27,,,,
453,2029,28,,,,,2032,29,,,,
454,2029,28,,,,,2032,28,,,,
455,2029,24,,,,,2032,24,,,,
456,2029,25,,,,,2031,2,2032,25,,
457,2029,30,,,,,2032,30,,,,
458,2029,26,,,,,2032,26,,,,
459,2029,22,,,,,2031,8,2032,22,,
460,2029,27,,,,,2032,27,,,,
461,2029,26,,,,,2032,2,2033,25,,
462,2031,10,2029,30,,,2033,28,,,,
463,2029,23,,,,,2031,4,2033,23,,
464,2031,10,2029,26,,,2033,26,,,,
465,2030,24,,,,,2033,25,,,,
466,2030,2,2029,21,,,2033,23,,,,
467,2030,26,,,,,2033,23,,,,
468,2030,18,,,,,2033,23,,,,
469,2032,1,2030,2,2029,26,2033,28,,,,
470,2029,20,,,,,2033,20,,,,
471,2029,24,,,,,2030,1,2032,7,2033,24
472,2031,4,2029,29,,,2033,29,,,,
473,2030,24,,,,,2033,24,,,,
474,2030,26,,,,,2032,2,2033,26,,
475,2030,28,,,,,2033,28,,,,
476,2030,21,,,,,2033,21,,,,
477,2030,1,2029,23,,,2032,3,2033,24,,
478,2029,22,,,,,2033,22,,,,
479,2029,21,,,,,2033,21,,,,
480,2029,29,,,,,2033,29,,,,
481,2029,29,,,,,2033,29,,,,
482,2030,8,2029,26,,,2033,26,,,,
483,2031,1,2029,29,,,2032,29,,,,
484,2031,1,2029,22,,,2032,22,,,,
485,2029,25,,,,,2032,25,,,,
486,2029,24,,,,,2032,22,,,,
487,2029,21,,,,,2032,21,,,,
488,2029,33,,,,,2032,31,,,,
489,2029,24,,,,,2032,1,2033,24,,
490,2029,29,,,,,2032,29,,,,
491,2029,26,,,,,2032,26,,,,
492,2029,31,,,,,2032,25,,,,
493,2031,1,2029,33,,,2032,29,,,,
494,2031,1,2029,22,,,2032,22,,,,
495,2029,23,,,,,2032,23,,,,
496,2029,22,,,,,2031,4,2032,22,,
497,2029,24,,,,,2032,24,,,,
498,2029,22,,,,,2032,1,2033,21,,
499,2029,22,,,,,2033,22,,,,
500,2029,30,,,,,2032,30,,,,
501,2031,10,2029,32,,,2032,32,,,,
502,2029,2,2028,23,,,2032,25,,,,
503,2031,2,2029,26,,,2032,26,,,,
504,2029,30,,,,,2032,30,,,,
505,2029,30,,,,,2032,29,,,,
506,2031,1,2029,24,,,2032,24,,,,
507,2029,25,,,,,2032,25,,,,
508,2029,31,,,,,2032,24,,,,
509,2029,27,,,,,2031,5,2032,27,,
510,2029,24,,,,,2031,4,2032,24,,
511,2029,27,,,,,2031,1,2032,27,,
512,2029,35,,,,,2032,32,,,,
513,2029,25,,,,,2032,25,,,,
514,2029,23,,,,,2033,23,,,,
515,2029,22,,,,,2032,22,,,,
516,2029,31,,,,,2031,5,2032,31,,
517,2029,37,,,,,2032,32,,,,
518,2029,26,,,,,2032,26,,,,
519,2029,27,,,,,2031,7,2032,27,,
520,2029,17,,,,,2032,24,,,,
521,2029,30,,,,,2032,30,,,,
522,2029,28,,,,,2031,2,2032,28,,
523,2029,19,,,,,2032,21,,,,
524,2030,6,2029,24,,,2032,24,,,,
525,2029,31,,,,,2033,31,,,,
526,2029,24,,,,,2033,24,,,,
527,2029,29,,,,,2033,29,,,,
528,2029,24,,,,,2033,24,,,,
529,2029,31,,,,,2033,31,,,,
530,2030,4,2029,28,,,2033,28,,,,
531,2029,31,,,,,2033,31,,,,
532,2029,31,,,,,2033,31,,,,
533,2030,1,2029,23,,,2031,7,2033,24,,
534,2029,23,,,,,2030,1,2033,23,,
535,2029,26,,,,,2031,1,2033,26,,
536,2029,26,,,,,2033,23,,,,
537,2029,27,,,,,2032,2,2033,25,,
538,2029,25,,,,,2030,4,2032,25,,
539,2029,28,,,,,2031,7,2033,28,,
540,2029,24,,,,,2032,22,,,,
541,2029,4,2028,23,,,2032,23,,,,
542,2028,21,,,,,2032,21,,,,
543,2028,25,,,,,2032,25,,,,
544,2028,24,,,,,2029,1,2032,24,,
545,2028,29,,,,,2029,1,2032,29,,
546,2029,2,2028,26,,,2032,28,,,,
547,2029,21,,,,,2032,21,,,,
548,2029,24,,,,,2031,6,2032,24,,
549,2029,29,,,,,2031,3,2032,29,,
550,2029,28,,,,,2032,27,,,,
551,2029,31,,,,,2032,31,,,,
552,2029,25,,,,,2032,25,,,,
553,2029,25,,,,,2032,25,,,,
554,2029,23,,,,,2032,23,,,,
555,2029,26,,,,,2032,26,,,,
556,2029,28,,,,,2032,28,,,,
557,2029,21,,,,,2032,21,,,,
558,2029,23,,,,,2032,2,2033,21,,
559,2029,24,,,,,2033,24,,,,
560,2029,22,,,,,2032,22,,,,
561,2029,30,,,,,2032,30,,,,
562,2029,28,,,,,2032,28,,,,
563,2029,23,,,,,2031,8,2032,23,,
564,2029,23,,,,,2032,23,,,,
565,2029,33,,,,,2032,25,,,,
566,2029,27,,,,,2032,27,,,,
567,2029,24,,,,,2032,25,,,,
568,2029,30,,,,,2032,24,,,,
569,2029,20,,,,,2032,20,,,,
570,2029,25,,,,,2032,25,,,,
571,2029,27,,,,,2032,27,,,,
572,2029,26,,,,,2032,26,,,,
573,2029,25,,,,,2032,25,,,,
574,2029,27,,,,,2031,4,2033,28,,
575,2029,31,,,,,2033,31,,,,
576,2029,29,,,,,2033,29,,,,
577,2029,30,,,,,2033,30,,,,
578,2030,28,,,,,2033,28,,,,
579,2030,32,,,,,2033,32,,,,
580,2032,4,2030,23,,,2033,23,,,,
581,2030,31,,,,,2033,24,,,,
582,2030,32,,,,,2033,26,,,,
583,2030,2,2029,21,,,2033,23,,,,
584,2029,21,,,,,2030,4,2032,21,,
585,2029,32,,,,,2032,1,2033,29,,
586,2029,29,,,,,2031,3,2032,2,2033,27
587,2031,10,2029,25,,,2032,1,2033,24,,
588,2029,24,,,,,2031,8,2032,2,2033,22
589,2029,22,,,,,2032,22,,,,
590,2029,26,,,,,2032,26,,,,
591,2029,30,,,,,2032,30,,,,
592,2030,3,2029,31,,,2032,31,,,,
593,2030,2,2029,30,,,2032,30,,,,
594,2029,28,,,,,2032,28,,,,
595,2029,29,,,,,2032,29,,,,
596,2029,29,,,,,2032,25,,,,
597,2029,28,,,,,2031,8,2032,28,,
598,2029,20,,,,,2030,5,2033,20,,
599,2029,24,,,,,2032,24,,,,
600,2029,31,,,,,2032,31,,,,
601,2029,16,,,,,2032,25,,,,
602,2030,4,2029,22,,,2032,22,,,,
603,2029,24,,,,,2032,24,,,,
604,2030,6,2029,25,,,2032,25,,,,
605,2029,22,,,,,2032,22,,,,
606,2029,27,,,,,2032,27,,,,
607,2029,31,,,,,2032,31,,,,
608,2029,25,,,,,2031,8,2032,25,,
609,2029,25,,,,,2032,25,,,,
610,2029,23,,,,,2032,31,,,,
611,2029,32,,,,,2032,32,,,,
612,2029,30,,,,,2031,7,2032,30,,
613,2028,31,,,,,2032,31,,,,
614,2028,28,,,,,2031,2,2032,26,,
615,2028,29,,,,,2032,29,,,,
616,2028,26,,,,,2030,4,2032,26,,
617,2031,1,2029,1,2028,22,2032,23,,,,
618,2029,2,2028,29,,,2032,29,,,,
619,2029,2,2028,23,,,2032,25,,,,
620,2029,23,,,,,2032,23,,,,
621,2029,25,,,,,2032,25,,,,
622,2028,26,,,,,2029,1,2032,26,,
623,2029,22,,,,,2032,22,,,,
624,2029,26,,,,,2032,26,,,,
625,2029,29,,,,,2031,3,2032,29,,
626,2029,31,,,,,2031,4,2032,31,,
627,2029,25,,,,,2032,25,,,,
628,2029,28,,,,,2032,28,,,,
629,2029,22,,,,,2031,7,2032,22,,
630,2029,22,,,,,2032,27,,,,
631,2029,20,,,,,2032,20,,,,
632,2030,4,2029,24,,,2033,24,,,,
633,2029,28,,,,,2032,2,2033,26,,
634,2029,31,,,,,2031,6,2033,31,,
635,2029,32,,,,,2033,32,,,,
636,2029,31,,,,,2032,1,2033,30,,
637,2029,24,,,,,2033,24,,,,
638,2029,28,,,,,2030,1,2033,28,,
639,2030,2,2029,25,,,2033,25,,,,
640,2030,6,2029,31,,,2033,31,,,,
641,2030,4,2029,29,,,2033,29,,,,
642,2029,24,,,,,2033,24,,,,
643,2030,8,2029,29,,,2033,29,,,,
644,2029,25,,,,,2031,2,2033,26,,
645,2029,31,,,,,2031,2,2032,1,2033,30
646,2029,23,,,,,2032,1,2033,23,,
647,2030,8,2029,30,,,2032,2,2033,28,,
648,2029,28,,,,,2033,28,,,,
649,2029,32,,,,,2032,30,,,,
650,2029,22,,,,,2032,22,,,,
651,2029,31,,,,,2031,8,2032,31,,
652,2029,25,,,,,2032,25,,,,
653,2031,6,2029,31,,,2032,31,,,,
654,2029,25,,,,,2032,25,,,,
655,2029,27,,,,,2032,2,2033,25,,
656,2029,28,,,,,2033,28,,,,
657,2029,21,,,,,2032,21,,,,
658,2029,29,,,,,2032,29,,,,
659,2029,27,,,,,2033,27,,,,
660,2030,7,2029,21,,,2033,21,,,,
661,2029,22,,,,,2033,22,,,,
662,2029,28,,,,,2033,28,,,,
663,2030,6,2029,25,,,2033,25,,,,
664,2029,29,,,,,2031,6,2033,29,,
665,2030,4,2029,24,,,2033,24,,,,
666,2030,1,2029,25,,,2033,25,,,,
667,2029,30,,,,,2033,30,,,,
668,2029,24,,,,,2033,24,,,,
669,2029,29,,,,,2030,2,2033,29,,
670,2030,32,,,,,2033,32,,,,
671,2030,21,,,,,2032,6,2033,22,,
672,2029,30,,,,,2031,8,2033,30,,
673,2030,1,2029,25,,,2033,26,,,,
674,2030,1,2029,29,,,2033,30,,,,
675,2029,29,,,,,2031,7,2033,29,,
676,2029,31,,,,,2033,31,,,,
677,2030,21,,,,,2033,21,,,,
678,2029,23,,,,,2033,23,,,,
679,2031,9,2030,6,2029,22,2033,22,,,,
680,2029,30,,,,,2033,30,,,,
681,2029,26,,,,,2031,1,2033,26,,
682,2030,5,2029,26,,,2033,26,,,,
683,2029,27,,,,,2033,27,,,,
684,2029,28,,,,,2033,28,,,,
685,2029,24,,,,,2032,1,2033,23,,
686,2029,31,,,,,2032,1,2033,30,,
687,2029,29,,,,,2033,29,,,,
688,2029,23,,,,,2031,8,2033,23,,
689,2029,21,,,,,2033,21,,,,
690,2029,21,,,,,2033,21,,,,
691,2029,21,,,,,2033,21,,,,
692,2029,26,,,,,2030,6,2033,27,,
693,2029,24,,,,,2033,24,,,,
694,2030,4,2029,28,,,2033,28,,,,
695,2029,27,,,,,2031,2,2033,27,,
696,2030,1,2029,24,,,2033,25,,,,
697,2030,29,,,,,2033,29,,,,
698,2030,1,2029,26,,,2033,28,,,,
699,2030,4,2029,26,,,2033,26,,,,
700,2030,37,,,,,2033,29,,,,
701,2029,27,,,,,2031,7,2033,27,,
702,2030,1,2029,25,,,2031,5,2033,26,,
703,2030,25,,,,,2033,25,,,,
704,2030,31,,,,,2032,6,2033,31,,
705,2030,24,,,,,2033,24,,,,
706,2032,1,2030,29,,,2033,29,,,,
707,2030,24,,,,,2033,24,,,,
708,2030,31,,,,,2033,32,,,,
709,2030,29,,,,,2033,29,,,,
710,2032,1,2029,31,,,2033,31,,,,
711,2030,8,2029,22,,,2033,22,,,,
712,2031,2,2029,26,,,2033,26,,,,
713,2029,20,,,,,2033,20,,,,
714,2029,30,,,,,2031,2,2032,30,,
715,2029,38,,,,,2032,31,,,,
716,2029,22,,,,,2032,22,,,,
717,2029,28,,,,,2032,28,,,,
718,2029,28,,,,,2032,22,,,,
719,2029,22,,,,,2032,22,,,,
720,2029,29,,,,,2032,29,,,,
721,2029,29,,,,,2032,28,,,,
722,2029,21,,,,,2031,4,2032,21,,
723,2029,30,,,,,2032,30,,,,
724,2028,24,,,,,2030,4,2032,24,,
725,2029,2,2028,28,,,2032,30,,,,
726,2028,24,,,,,2032,24,,,,
727,2028,29,,,,,2032,29,,,,
728,2028,30,,,,,2032,30,,,,
729,2029,1,2028,23,,,2032,24,,,,
730,2029,2,2028,24,,,2032,26,,,,
731,2029,2,2028,24,,,2032,26,,,,
732,2029,2,2028,30,,,2032,31,,,,
733,2029,2,2028,22,,,2032,24,,,,
734,2029,3,2028,30,,,2032,30,,,,
735,2029,21,,,,,2032,21,,,,
736,2029,21,,,,,2032,21,,,,
737,2031,1,2029,20,,,2032,20,,,,
738,2030,5,2029,27,,,2032,27,,,,
739,2029,2,2028,22,,,2032,24,,,,
740,2029,21,,,,,2032,21,,,,
741,2029,26,,,,,2032,26,,,,
742,2029,29,,,,,2031,2,2032,29,,
743,2031,1,2029,24,,,2032,24,,,,
744,2031,2,2029,21,,,2032,21,,,,
745,2029,27,,,,,2032,27,,,,
746,2029,28,,,,,2032,29,,,,
747,2029,22,,,,,2031,5,2032,22,,
748,2030,2,2029,22,,,2033,24,,,,
749,2030,22,,,,,2033,22,,,,
750,2030,2,2029,23,,,2033,25,,,,
751,2031,4,2029,23,,,2033,23,,,,
752,2029,29,,,,,2033,29,,,,
753,2029,27,,,,,2030,1,2031,6,2033,27
754,2030,28,,,,,2033,28,,,,
755,2029,24,,,,,2033,24,,,,
756,2031,4,2030,8,2029,30,2033,30,,,,
757,2029,20,,,,,2033,20,,,,
758,2030,8,2029,31,,,2033,31,,,,
759,2029,21,,,,,2033,21,,,,
760,2030,4,2029,21,,,2031,5,2033,21,,
761,2029,26,,,,,2031,5,2033,26,,
762,2030,2,2029,20,,,2033,20,,,,
763,2029,21,,,,,2031,1,2033,22,,
764,2029,28,,,,,2030,3,2033,28,,
765,2029,21,,,,,2033,21,,,,
766,2031,1,2029,38,,,2032,30,,,,
767,2029,27,,,,,2032,26,,,,
768,2029,26,,,,,2032,27,,,,
769,2029,27,,,,,2032,23,,,,
770,2029,32,,,,,2031,4,2032,32,,
771,2029,35,,,,,2032,30,,,,
772,2029,30,,,,,2032,30,,,,
773,2028,24,,,,,2031,24,,,,
774,2028,25,,,,,2031,22,,,,
775,2028,36,,,,,2031,28,,,,
776,2029,3,2028,31,,,2031,31,,,,
777,2027,36,,,,,2030,28,,,,
778,2026,29,,,,,2030,29,,,,
779,2026,26,,,,,2030,26,,,,
780,2027,27,,,,,2030,28,,,,
781,2026,31,,,,,2030,31,,,,
782,2026,28,,,,,2030,28,,,,
783,2026,28,,,,,2030,28,,,,
784,2026,29,,,,,2029,28,,,,
785,2026,21,,,,,2029,21,,,,
786,2026,32,,,,,2028,1,2029,32,,
787,2026,21,,,,,2029,21,,,,
788,2028,1,2026,29,,,2029,29,,,,
789,2026,1,2025,29,,,2029,30,,,,
790,2025,24,,,,,2028,1,2029,23,,
791,2027,3,2025,24,,,2029,24,,,,
792,2025,26,,,,,2027,6,2028,1,2029,25
793,2025,23,,,,,2028,1,2029,22,,
794,2025,22,,,,,2028,22,,,,
795,2025,28,,,,,2028,2,2029,26,,
796,2025,24,,,,,2028,24,,,,
797,2025,31,,,,,2028,31,,,,
798,2027,1,2025,26,,,2028,26,,,,
799,2026,7,2025,22,,,2029,22,,,,
800,2026,6,2025,25,,,2029,25,,,,
801,2025,23,,,,,2027,4,2029,23,,
802,2025,22,,,,,2028,22,,,,
803,2024,23,,,,,2028,23,,,,
804,2024,21,,,,,2025,1,2028,22,,
805,2025,27,,,,,2027,4,2028,27,,
806,2025,5,2024,21,,,2028,21,,,,
807,2024,31,,,,,2027,1,2028,30,,
808,2025,30,,,,,2027,2,2028,30,,
809,2025,26,,,,,2028,2,2029,24,,
810,2025,22,,,,,2029,22,,,,
811,2026,2,2025,24,,,2027,4,2029,26,,
812,2026,23,,,,,2028,1,2029,23,,
813,2026,29,,,,,2028,4,2029,29,,
814,2026,31,,,,,2029,31,,,,
815,2026,4,2025,28,,,2029,30,,,,
816,2026,29,,,,,2029,25,,,,
817,2026,25,,,,,2028,1,2029,26,,
818,2028,1,2027,1,2026,28,2029,2,2030,26,,
819,2026,20,,,,,2029,24,,,,
820,2026,23,,,,,2029,24,,,,
821,2026,24,,,,,2029,2,2030,22,,
822,2026,24,,,,,2029,24,,,,
823,2026,30,,,,,2030,30,,,,
824,2026,25,,,,,2029,25,,,,
825,2028,1,2026,26,,,2029,26,,,,
826,2026,28,,,,,2029,26,,,,
827,2026,27,,,,,2029,28,,,,
828,2026,23,,,,,2029,23,,,,
829,2026,22,,,,,2028,6,2029,22,,
830,2025,23,,,,,2029,23,,,,
831,2025,28,,,,,2029,28,,,,
832,2025,30,,,,,2029,30,,,,
833,2025,30,,,,,2028,30,,,,
834,2025,20,,,,,2028,1,2029,26,,
835,2025,24,,,,,2027,1,2028,24,,
836,2026,27,,,,,2029,27,,,,
837,2026,29,,,,,2029,29,,,,
838,2026,24,,,,,2029,24,,,,
839,2026,25,,,,,2029,25,,,,
840,2026,22,,,,,2029,22,,,,
841,2028,1,2026,24,,,2029,24,,,,
842,2026,30,,,,,2028,5,2029,30,,
843,2026,26,,,,,2030,26,,,,
844,2026,24,,,,,2028,5,2030,24,,
845,2027,1,2026,27,,,2029,4,2030,28,,
846,2026,21,,,,,2030,21,,,,
847,2026,32,,,,,2030,32,,,,
848,2029,1,2027,23,,,2030,23,,,,
849,2027,29,,,,,2030,29,,,,
850,2027,29,,,,,2030,29,,,,
851,2027,22,,,,,2029,3,2030,22,,
852,2027,27,,,,,2029,2,2030,27,,
853,2027,22,,,,,2029,8,2030,22,,
854,2029,1,2027,34,,,2030,29,,,,
855,2027,2,2026,30,,,2030,32,,,,
856,2027,27,,,,,2030,27,,,,
857,2027,22,,,,,2030,22,,,,
858,2027,1,2026,22,,,2030,22,,,,
859,2027,8,2026,20,,,2030,21,,,,
860,2026,21,,,,,2028,1,2029,21,,
861,2026,27,,,,,2029,22,,,,
862,2026,22,,,,,2029,22,,,,
863,2026,23,,,,,2029,23,,,,
864,2026,23,,,,,2029,23,,,,
865,2026,30,,,,,2029,30,,,,
866,2026,27,,,,,2028,1,2029,27,,
867,2026,26,,,,,2030,26,,,,
868,2027,1,2026,20,,,2029,6,2030,21,,
869,2026,32,,,,,2028,7,2030,32,,
870,2027,2,2026,26,,,2028,5,2030,28,,
871,2027,32,,,,,2028,5,2030,32,,
872,2027,34,,,,,2030,27,,,,
873,2027,31,,,,,2029,5,2030,2,2031,29
874,2027,30,,,,,2031,30,,,,
875,2027,22,,,,,2029,1,2030,22,,
876,2027,26,,,,,2030,26,,,,
877,2027,23,,,,,2029,4,2031,23,,
878,2027,27,,,,,2030,2,2031,25,,
879,2029,1,2027,22,,,2031,22,,,,
880,2027,28,,,,,2030,28,,,,
881,2028,31,,,,,2031,31,,,,
882,2027,24,,,,,2030,24,,,,
883,2028,1,2027,29,,,2031,29,,,,
884,2029,9,2027,22,,,2031,22,,,,
885,2027,24,,,,,2031,24,,,,
886,2027,22,,,,,2030,1,2031,21,,
887,2027,28,,,,,2031,28,,,,
888,2028,2,2027,30,,,2031,30,,,,
889,2028,2,2027,29,,,2030,5,2031,31,,
890,2028,28,,,,,2031,28,,,,
891,2030,1,2028,24,,,2031,24,,,,
892,2030,1,2028,25,,,2031,25,,,,
893,2028,28,,,,,2031,28,,,,
894,2028,23,,,,,2031,23,,,,
895,2030,1,2028,28,,,2031,28,,,,
896,2028,1,2027,25,,,2030,4,2031,26,,
897,2027,21,,,,,2031,21,,,,
898,2029,6,2028,31,,,2031,31,,,,
899,2028,30,,,,,2031,22,,,,
900,2028,29,,,,,2031,29,,,,
901,2028,1,2027,21,,,2031,22,,,,
902,2028,24,,,,,2031,24,,,,
903,2028,36,,,,,2031,28,,,,
904,2028,26,,,,,2030,1,2031,26,,
905,2028,27,,,,,2031,27,,,,
906,2028,28,,,,,2031,24,,,,
907,2028,23,,,,,2030,8,2031,23,,
908,2027,25,,,,,2028,3,2031,27,,
909,2027,23,,,,,2031,23,,,,
910,2027,29,,,,,2031,29,,,,
911,2028,29,,,,,2031,29,,,,
912,2028,24,,,,,2029,2,2031,24,,
913,2028,2,2027,28,,,2031,30,,,,
914,2027,27,,,,,2028,1,2031,27,,
915,2028,30,,,,,2031,30,,,,
916,2028,21,,,,,2030,2,2031,22,,
917,2028,31,,,,,2031,31,,,,
918,2028,30,,,,,2031,30,,,,
919,2030,1,2028,24,,,2031,24,,,,
920,2028,1,2027,25,,,2031,26,,,,
921,2027,23,,,,,2031,23,,,,
922,2027,26,,,,,2030,26,,,,
923,2027,27,,,,,2029,7,2030,27,,
924,2029,1,2027,22,,,2030,22,,,,
925,2027,22,,,,,2030,22,,,,
926,2026,26,,,,,2030,26,,,,
927,2027,21,,,,,2030,21,,,,
928,2027,20,,,,,2030,20,,,,
929,2026,25,,,,,2030,25,,,,
930,2027,25,,,,,2030,25,,,,
931,2027,28,,,,,2030,28,,,,
932,2027,30,,,,,2030,30,,,,
933,2027,34,,,,,2030,30,,,,
934,2027,30,,,,,2030,30,,,,
935,2027,20,,,,,2030,20,,,,
936,2027,21,,,,,2028,2,2029,7,2030,21
937,2027,25,,,,,2029,3,2030,25,,
938,2027,1,2026,25,,,2030,26,,,,
939,2027,28,,,,,2030,28,,,,
940,2029,1,2027,21,,,2030,21,,,,
941,2027,27,,,,,2029,6,2030,27,,
942,2027,23,,,,,2030,23,,,,
943,2027,26,,,,,2030,26,,,,
944,2027,20,,,,,2030,29,,,,
945,2027,20,,,,,2030,20,,,,
946,2027,25,,,,,2030,25,,,,
947,2027,20,,,,,2030,20,,,,
948,2027,24,,,,,2029,8,2030,24,,
949,2027,30,,,,,2030,2,2031,28,,
950,2027,28,,,,,2031,28,,,,
951,2027,21,,,,,2031,21,,,,
952,2027,22,,,,,2031,22,,,,
953,2027,23,,,,,2031,23,,,,
954,2028,31,,,,,2031,31,,,,
955,2028,28,,,,,2030,7,2031,28,,
956,2030,3,2028,23,,,2031,23,,,,
957,2028,26,,,,,2031,26,,,,
958,2028,28,,,,,2031,28,,,,
959,2027,25,,,,,2030,1,2031,25,,
960,2028,31,,,,,2031,30,,,,
961,2028,22,,,,,2031,22,,,,
962,2028,22,,,,,2030,4,2031,22,,
963,2030,1,2028,22,,,2031,22,,,,
964,2028,33,,,,,2031,32,,,,
965,2028,30,,,,,2031,30,,,,
966,2028,22,,,,,2031,20,,,,
967,2028,24,,,,,2030,8,2031,24,,
968,2028,26,,,,,2031,26,,,,
969,2030,1,2028,31,,,2031,28,,,,
970,2028,22,,,,,2031,22,,,,
971,2028,32,,,,,2030,4,2031,32,,
972,2028,22,,,,,2031,22,,,,
973,2028,28,,,,,2031,28,,,,
974,2028,29,,,,,2031,23,,,,
975,2028,25,,,,,2031,24,,,,
976,2028,26,,,,,2031,26,,,,
977,2028,27,,,,,2030,5,2031,27,,
978,2028,24,,,,,2031,24,,,,
979,2028,28,,,,,2031,28,,,,
980,2028,22,,,,,2031,22,,,,
981,2028,30,,,,,2031,30,,,,
982,2028,21,,,,,2031,21,,,,
983,2028,28,,,,,2031,28,,,,
984,2028,23,,,,,2031,23,,,,
985,2028,27,,,,,2031,27,,,,
986,2028,31,,,,,2030,8,2031,31,,
987,2028,27,,,,,2030,5,2031,27,,
988,2028,21,,,,,2031,21,,,,
989,2029,4,2028,25,,,2031,25,,,,
990,2028,24,,,,,2031,24,,,,
991,2028,28,,,,,2031,28,,,,
992,2030,3,2028,24,,,2031,24,,,,
993,2028,24,,,,,2031,27,,,,
994,2028,27,,,,,2030,3,2031,27,,
995,2028,23,,,,,2031,23,,,,
996,2028,28,,,,,2031,28,,,,
997,2028,29,,,,,2031,29,,,,
998,2028,22,,,,,2031,26,,,,
999,2028,29,,,,,2031,26,,,,
1000,2028,22,,,,,2031,22,,,,
1001,2028,25,,,,,2031,1,2032,25,,
1002,2028,30,,,,,2032,30,,,,
1003,2028,28,,,,,2031,28,,,,
1004,2028,29,,,,,2031,25,,,,
1005,2028,28,,,,,2031,27,,,,
1006,2030,1,2028,25,,,2031,23,,,,
1007,2029,6,2028,30,,,2032,30,,,,
1008,2028,23,,,,,2030,7,2031,1,2032,22
1009,2028,24,,,,,2032,24,,,,
1010,2028,27,,,,,2031,22,,,,
1011,2030,11,2028,27,,,2031,27,,,,
1012,2028,28,,,,,2031,28,,,,
1013,2028,20,,,,,2031,20,,,,
1014,2028,21,,,,,2032,21,,,,
1015,2029,21,,,,,2031,1,2032,21,,
1016,2029,24,,,,,2032,24,,,,
1017,2029,31,,,,,2032,27,,,,
1018,2029,31,,,,,2031,1,2032,31,,
1019,2029,17,,,,,2032,25,,,,
1020,2029,28,,,,,2032,28,,,,
1021,2029,37,,,,,2030,4,2032,29,,
1022,2029,26,,,,,2032,26,,,,
1023,2029,27,,,,,2031,6,2032,28,,
1024,2029,23,,,,,2032,28,,,,
1025,2029,27,,,,,2032,27,,,,
1026,2029,28,,,,,2032,28,,,,
1027,2029,21,,,,,2032,21,,,,
1028,2029,27,,,,,2033,27,,,,
1029,2031,1,2029,25,,,2032,25,,,,
1030,2029,27,,,,,2033,27,,,,
1031,2029,22,,,,,2030,6,2032,22,,
1032,2029,30,,,,,2033,30,,,,
1033,2029,23,,,,,2032,22,,,,
1034,2029,27,,,,,2033,27,,,,
1035,2030,27,,,,,2033,27,,,,
1036,2029,27,,,,,2033,27,,,,
1037,2029,30,,,,,2033,30,,,,
1038,2030,2,2029,30,,,2032,2,2033,32,,
1039,2030,1,2029,27,,,2033,28,,,,
1040,2029,22,,,,,2033,22,,,,
1041,2030,1,2029,30,,,2033,31,,,,
1042,2030,31,,,,,2032,8,2033,31,,
1043,2030,21,,,,,2032,3,2033,21,,
1044,2030,24,,,,,2031,6,2033,24,,
1045,2030,31,,,,,2033,31,,,,
1046,2030,26,,,,,2033,26,,,,
1047,2029,30,,,,,2031,5,2033,30,,
1048,2029,21,,,,,2033,21,,,,
1049,2029,24,,,,,2031,3,2032,1,2033,23
1050,2029,21,,,,,2033,21,,,,
1051,2029,22,,,,,2033,22,,,,
1052,2029,30,,,,,2032,30,,,,
1053,2029,31,,,,,2031,8,2032,31,,
1054,2029,23,,,,,2032,23,,,,
1055,2029,28,,,,,2031,6,2032,29,,
1056,2029,28,,,,,2032,28,,,,
1057,2030,3,2029,29,,,2032,29,,,,
1058,2029,38,,,,,2030,5,2032,2,2033,30
1059,2029,23,,,,,2031,6,2032,23,,
1060,2031,1,2029,33,,,2032,28,,,,
1061,2029,25,,,,,2032,25,,,,
1062,2029,29,,,,,2031,7,2032,29,,
1063,2029,24,,,,,2032,25,,,,
1064,2029,26,,,,,2032,27,,,,
1065,2029,33,,,,,2032,25,,,,
1066,2029,30,,,,,2032,30,,,,
1067,2029,31,,,,,2031,3,2032,31,,
1068,2028,27,,,,,2032,27,,,,
1069,2028,23,,,,,2032,23,,,,
1070,2028,29,,,,,2031,1,2032,30,,
1071,2029,1,2028,26,,,2032,27,,,,
1072,2029,2,2028,21,,,2032,23,,,,
1073,2029,1,2028,22,,,2032,23,,,,
1074,2028,29,,,,,2032,29,,,,
1075,2029,27,,,,,2031,5,2032,27,,
1076,2029,24,,,,,2032,25,,,,
1077,2029,21,,,,,2032,21,,,,
1078,2029,31,,,,,2031,2,2032,31,,
1079,2031,1,2029,30,,,2032,25,,,,
1080,2029,9,2028,21,,,2032,23,,,,
1081,2028,30,,,,,2032,30,,,,
1082,2028,25,,,,,2032,25,,,,
1083,2029,26,,,,,2031,4,2032,27,,
1084,2029,20,,,,,2032,20,,,,
1085,2028,30,,,,,2029,5,2032,30,,
1086,2030,4,2029,2,2028,31,2032,31,,,,
1087,2028,27,,,,,2032,27,,,,
1088,2031,1,2028,26,,,2032,26,,,,
1089,2028,23,,,,,2032,23,,,,
1090,2029,1,2028,23,,,2032,24,,,,
1091,2028,22,,,,,2030,2,2032,22,,
1092,2030,9,2028,25,,,2032,25,,,,
1093,2029,1,2028,24,,,2032,25,,,,
1094,2028,25,,,,,2029,1,2032,25,,
1095,2028,30,,,,,2030,2,2032,30,,
1096,2028,20,,,,,2030,8,2032,21,,
1097,2029,4,2028,28,,,2031,2,2032,26,,
1098,2028,27,,,,,2030,6,2031,2,2032,25
1099,2028,29,,,,,2032,29,,,,
1100,2028,25,,,,,2030,2,2032,25,,
1101,2030,1,2028,25,,,2032,25,,,,
1102,2028,27,,,,,2032,28,,,,
1103,2028,27,,,,,2032,27,,,,
1104,2028,26,,,,,2032,26,,,,
1105,2028,21,,,,,2030,5,2031,21,,
1106,2028,1,2027,26,,,2031,27,,,,
1107,2028,25,,,,,2031,25,,,,
1108,2028,24,,,,,2031,24,,,,
1109,2027,26,,,,,2030,26,,,,
1110,2029,7,2027,29,,,2030,26,,,,
1111,2027,21,,,,,2030,21,,,,
1112,2027,21,,,,,2028,2,2031,21,,
1113,2027,29,,,,,2031,30,,,,
1114,2027,21,,,,,2031,21,,,,
1115,2027,24,,,,,2029,4,2031,24,,
1116,2027,25,,,,,2031,25,,,,
1117,2027,20,,,,,2031,20,,,,
1118,2027,25,,,,,2031,25,,,,
1119,2027,24,,,,,2031,24,,,,
1120,2027,24,,,,,2029,5,2031,24,,
1121,2027,25,,,,,2031,25,,,,
1122,2027,20,,,,,2029,4,2030,20,,
1123,2028,5,2027,25,,,2031,27,,,,
1124,2027,28,,,,,2029,8,2031,28,,
1125,2027,25,,,,,2031,25,,,,
1126,2027,29,,,,,2031,29,,,,
1127,2028,1,2027,21,,,2031,22,,,,
1128,2029,4,2027,27,,,2031,27,,,,
1129,2028,25,,,,,2031,25,,,,
1130,2028,34,,,,,2031,30,,,,
1131,2028,22,,,,,2031,22,,,,
1132,2028,32,,,,,2031,25,,,,
1133,2028,22,,,,,2031,22,,,,
1134,2028,29,,,,,2031,29,,,,
1135,2030,1,2028,29,,,2031,29,,,,
1136,2028,24,,,,,2031,24,,,,
1137,2028,27,,,,,2031,27,,,,
1138,2028,25,,,,,2031,25,,,,
1139,2028,21,,,,,2031,21,,,,
1140,2028,27,,,,,2031,2,2032,25,,
1141,2030,1,2028,30,,,2032,30,,,,
1142,2029,1,2028,30,,,2032,31,,,,
1143,2028,21,,,,,2030,2,2032,21,,
1144,2028,31,,,,,2031,27,,,,
1145,2028,26,,,,,2031,27,,,,
1146,2028,28,,,,,2032,28,,,,
1147,2028,30,,,,,2031,2,2032,28,,
1148,2028,21,,,,,2032,21,,,,
1149,2028,27,,,,,2031,2,2032,25,,
1150,2028,30,,,,,2031,2,2032,28,,
1151,2030,7,2028,27,,,2032,27,,,,
1152,2028,28,,,,,2032,28,,,,
1153,2028,30,,,,,2030,4,2032,30,,
1154,2028,29,,,,,2032,29,,,,
1155,2029,2,2028,23,,,2032,25,,,,
1156,2029,34,,,,,2032,31,,,,
1157,2029,35,,,,,2032,31,,,,
1158,2029,30,,,,,2032,30,,,,
1159,2029,28,,,,,2032,28,,,,
1160,2029,38,,,,,2032,30,,,,
1161,2029,28,,,,,2031,6,2032,28,,
1162,2028,26,,,,,2032,26,,,,
1163,2029,2,2028,24,,,2032,26,,,,
1164,2029,2,2028,29,,,2032,31,,,,
1165,2031,1,2029,2,2028,27,2032,29,,,,
1166,2028,30,,,,,2029,8,2032,30,,
1167,2029,1,2028,23,,,2032,23,,,,
1168,2028,30,,,,,2032,30,,,,
1169,2029,2,2028,29,,,2031,1,2032,28,,
1170,2028,28,,,,,2031,21,,,,
1171,2028,26,,,,,2030,4,2031,26,,
1172,2028,23,,,,,2030,2,2031,1,2032,22
1173,2028,21,,,,,2032,29,,,,
1174,2030,1,2028,32,,,2031,32,,,,
1175,2028,23,,,,,2030,6,2031,1,2032,22
1176,2028,30,,,,,2031,23,,,,
1177,2028,24,,,,,2030,7,2031,24,,
1178,2028,23,,,,,2031,26,,,,
1179,2028,36,,,,,2031,31,,,,
1180,2030,1,2028,30,,,2031,30,,,,
1181,2028,20,,,,,2030,1,2031,20,,
1182,2029,4,2027,26,,,2031,26,,,,
1183,2027,23,,,,,2028,1,2031,23,,
1184,2028,1,2027,27,,,2031,28,,,,
1185,2028,1,2027,28,,,2031,28,,,,
1186,2028,2,2027,28,,,2029,7,2031,30,,
1187,2028,29,,,,,2031,29,,,,
1188,2028,24,,,,,2031,24,,,,
1189,2028,28,,,,,2031,28,,,,
1190,2028,27,,,,,2031,27,,,,
1191,2028,25,,,,,2031,25,,,,
1192,2028,29,,,,,2031,29,,,,
1193,2028,23,,,,,2030,5,2031,23,,
1194,2028,27,,,,,2031,27,,,,
1195,2028,32,,,,,2031,27,,,,
1196,2028,25,,,,,2031,25,,,,
1197,2028,25,,,,,2031,25,,,,
1198,2028,7,2027,26,,,2031,26,,,,
1199,2028,25,,,,,2030,3,2031,25,,
1200,2028,9,2027,27,,,2031,28,,,,
1201,2029,6,2028,2,2027,20,2031,22,,,,
1202,2028,22,,,,,2030,3,2031,23,,
1203,2028,28,,,,,2031,28,,,,
1204,2028,28,,,,,2031,28,,,,
1205,2028,29,,,,,2030,8,2031,29,,
1206,2028,27,,,,,2031,27,,,,
1207,2028,21,,,,,2031,21,,,,
1208,2029,2,2028,35,,,2031,28,,,,
1209,2028,15,,,,,2031,24,,,,
1210,2028,26,,,,,2031,26,,,,
1211,2027,21,,,,,2031,21,,,,
1212,2028,27,,,,,2031,27,,,,
1213,2027,26,,,,,2031,27,,,,
1214,2028,20,,,,,2031,20,,,,
1215,2028,27,,,,,2031,27,,,,
1216,2030,1,2028,2,2027,29,2031,31,,,,
1217,2030,1,2028,26,,,2031,26,,,,
1218,2028,27,,,,,2031,27,,,,
1219,2028,22,,,,,2031,22,,,,
1220,2028,31,,,,,2031,31,,,,
1221,2028,25,,,,,2031,23,,,,
1222,2028,28,,,,,2031,28,,,,
1223,2028,29,,,,,2031,24,,,,
1224,2028,22,,,,,2031,22,,,,
1225,2028,24,,,,,2031,23,,,,
1226,2030,1,2028,24,,,2031,24,,,,
1227,2028,21,,,,,2030,8,2031,21,,
1228,2028,31,,,,,2031,32,,,,
1229,2028,23,,,,,2031,23,,,,
1230,2028,27,,,,,2031,27,,,,
1231,2029,3,2028,21,,,2031,21,,,,
1232,2028,26,,,,,2030,3,2031,26,,
1233,2028,21,,,,,2031,1,2032,20,,
1234,2028,24,,,,,2031,1,2032,23,,
1235,2028,30,,,,,2031,23,,,,
1236,2028,30,,,,,2030,4,2031,30,,
1237,2028,28,,,,,2031,28,,,,
1238,2028,31,,,,,2031,31,,,,
1239,2027,27,,,,,2028,1,2031,27,,
1240,2028,25,,,,,2031,25,,,,
1241,2028,3,2027,28,,,2031,28,,,,
1242,2029,4,2028,2,2027,30,2031,32,,,,
1243,2030,1,2028,23,,,2031,23,,,,
1244,2028,24,,,,,2031,24,,,,
1245,2028,23,,,,,2031,23,,,,
1246,2028,30,,,,,2031,30,,,,
1247,2028,32,,,,,2030,2,2031,32,,
1248,2028,29,,,,,2031,28,,,,
1249,2028,23,,,,,2030,7,2031,23,,
1250,2028,27,,,,,2031,27,,,,
1251,2030,1,2028,26,,,2031,26,,,,
1252,2030,1,2028,24,,,2031,24,,,,
1253,2028,25,,,,,2031,25,,,,
1254,2028,26,,,,,2031,26,,,,
1255,2028,26,,,,,2031,26,,,,
1256,2028,31,,,,,2031,31,,,,
1257,2028,26,,,,,2031,26,,,,
1258,2028,25,,,,,2030,8,2031,25,,
1259,2029,2,2028,26,,,2031,22,,,,
1260,2028,22,,,,,2031,22,,,,
1261,2028,31,,,,,2030,7,2031,31,,
1262,2028,28,,,,,2030,1,2031,29,,
1263,2028,23,,,,,2031,23,,,,
1264,2028,31,,,,,2031,31,,,,
1265,2028,31,,,,,2031,27,,,,
1266,2028,30,,,,,2031,31,,,,
1267,2028,23,,,,,2030,2,2031,23,,
1268,2028,25,,,,,2030,6,2031,25,,
1269,2028,21,,,,,2031,21,,,,
1270,2028,28,,,,,2031,28,,,,
1271,2028,28,,,,,2031,28,,,,
1272,2028,20,,,,,2030,4,2031,20,,
1273,2028,27,,,,,2031,27,,,,
1274,2028,25,,,,,2031,25,,,,
1275,2028,27,,,,,2031,27,,,,
1276,2028,24,,,,,2031,26,,,,
1277,2028,25,,,,,2031,25,,,,
1278,2028,28,,,,,2029,5,2031,28,,
1279,2028,30,,,,,2030,4,2031,30,,
1280,2028,22,,,,,2031,22,,,,
1281,2028,25,,,,,2029,2,2031,25,,
1282,2028,32,,,,,2031,32,,,,
1283,2028,26,,,,,2032,26,,,,
1284,2029,32,,,,,2032,24,,,,
1285,2028,30,,,,,2030,7,2032,30,,
1286,2028,26,,,,,2030,3,2032,26,,
1287,2028,23,,,,,2032,23,,,,
1288,2028,29,,,,,2032,29,,,,
1289,2028,29,,,,,2032,29,,,,
1290,2029,1,2028,32,,,2031,2,2032,30,,
1291,2028,21,,,,,2032,21,,,,
1292,2028,24,,,,,2032,25,,,,
1293,2028,20,,,,,2032,20,,,,
1294,2028,20,,,,,2032,20,,,,
1295,2029,1,2028,29,,,2032,29,,,,
1296,2028,31,,,,,2032,31,,,,
1297,2028,27,,,,,2030,2,2032,27,,
1298,2028,26,,,,,2032,26,,,,
1299,2028,21,,,,,2032,21,,,,
1300,2028,32,,,,,2032,32,,,,
1301,2031,1,2029,2,2028,22,2032,24,,,,
1302,2029,26,,,,,2032,24,,,,
1303,2029,29,,,,,2032,29,,,,
1304,2030,2,2029,2,2028,28,2032,30,,,,
1305,2029,25,,,,,2032,25,,,,
1306,2029,23,,,,,2032,23,,,,
1307,2029,27,,,,,2032,24,,,,
1308,2029,27,,,,,2032,27,,,,
1309,2029,24,,,,,2032,25,,,,
1310,2029,24,,,,,2032,24,,,,
1311,2028,27,,,,,2029,2,2032,29,,
1312,2028,21,,,,,2032,22,,,,
1313,2029,23,,,,,2032,22,,,,
1314,2028,23,,,,,2032,23,,,,
1315,2029,21,,,,,2032,21,,,,
1316,2030,6,2029,36,,,2032,30,,,,
1317,2029,23,,,,,2031,4,2032,23,,
1318,2029,28,,,,,2032,28,,,,
1319,2029,31,,,,,2032,25,,,,
1320,2029,2,2028,22,,,2032,24,,,,
1321,2029,1,2028,21,,,2032,21,,,,
1322,2029,27,,,,,2032,26,,,,
1323,2030,3,2029,25,,,2032,25,,,,
1324,2029,23,,,,,2031,1,2032,23,,
1325,2031,1,2029,24,,,2032,24,,,,
1326,2029,24,,,,,2032,24,,,,
1327,2029,31,,,,,2032,31,,,,
1328,2029,35,,,,,2032,30,,,,
1329,2029,21,,,,,2031,1,2032,21,,
1330,2029,32,,,,,2032,32,,,,
1331,2029,30,,,,,2032,30,,,,
1332,2031,1,2029,30,,,2032,30,,,,
1333,2031,1,2029,29,,,2032,29,,,,
1334,2030,5,2029,23,,,2032,1,2033,22,,
1335,2029,22,,,,,2032,22,,,,
1336,2029,21,,,,,2032,22,,,,
1337,2029,26,,,,,2032,26,,,,
1338,2029,28,,,,,2032,2,2033,26,,
1339,2029,20,,,,,2031,5,2032,20,,
1340,2029,30,,,,,2032,31,,,,
1341,2029,25,,,,,2032,25,,,,
1342,2029,23,,,,,2032,23,,,,
1343,2029,21,,,,,2032,21,,,,
1344,2029,28,,,,,2032,25,,,,
1345,2031,1,2029,27,,,2032,25,,,,
1346,2029,21,,,,,2032,21,,,,
1347,2029,23,,,,,2032,23,,,,
1348,2029,26,,,,,2032,2,2033,24,,
1349,2029,23,,,,,2031,2,2032,23,,
1350,2029,24,,,,,2032,24,,,,
1351,2029,26,,,,,2031,7,2032,2,2033,24
1352,2029,31,,,,,2033,31,,,,
1353,2029,30,,,,,2032,2,2033,28,,
1354,2029,28,,,,,2031,1,2032,1,2033,27
1355,2029,29,,,,,2032,2,2033,27,,
1356,2029,24,,,,,2033,24,,,,
1357,2029,29,,,,,2032,24,,,,
1358,2029,23,,,,,2031,2,2032,23,,
1359,2029,24,,,,,2032,24,,,,
1360,2029,23,,,,,2032,23,,,,
1361,2029,28,,,,,2031,6,2032,29,,
1362,2029,22,,,,,2032,21,,,,
1363,2029,21,,,,,2032,21,,,,
1364,2031,1,2029,28,,,2033,28,,,,
1365,2029,27,,,,,2032,1,2033,27,,
1366,2029,27,,,,,2033,27,,,,
1367,2029,30,,,,,2033,30,,,,
1368,2029,25,,,,,2033,25,,,,
1369,2029,20,,,,,2033,20,,,,
1370,2029,24,,,,,2033,24,,,,
1371,2029,26,,,,,2032,2,2033,25,,
1372,2029,22,,,,,2030,5,2033,22,,
1373,2029,28,,,,,2032,1,2033,27,,
1374,2029,22,,,,,2031,5,2033,22,,
1375,2029,23,,,,,2031,4,2032,1,2033,22
1376,2029,29,,,,,2032,26,,,,
1377,2030,3,2029,24,,,2033,24,,,,
1378,2029,25,,,,,2033,25,,,,
1379,2030,6,2029,26,,,2033,26,,,,
1380,2029,22,,,,,2033,22,,,,
1381,2031,5,2030,22,,,2034,22,,,,
1382,2032,1,2030,23,,,2033,1,2034,22,,
1383,2030,22,,,,,2033,23,,,,
1384,2030,30,,,,,2033,30,,,,
1385,2030,29,,,,,2033,1,2034,28,,
1386,2030,25,,,,,2033,1,2034,25,,
1387,2032,1,2030,28,,,2033,28,,,,
1388,2030,21,,,,,2033,21,,,,
1389,2030,31,,,,,2033,26,,,,
1390,2030,31,,,,,2033,31,,,,
1391,2031,6,2030,30,,,2033,30,,,,
1392,2030,22,,,,,2034,22,,,,
1393,2033,1,2030,28,,,2034,28,,,,
1394,2032,1,2030,22,,,2033,1,2034,21,,
1395,2030,23,,,,,2033,1,2034,22,,
1396,2030,26,,,,,2033,26,,,,
1397,2030,30,,,,,2034,30,,,,
1398,2030,30,,,,,2033,2,2034,28,,
1399,2031,32,,,,,2034,32,,,,
1400,2031,1,2030,25,,,2034,25,,,,
1401,2030,25,,,,,2033,25,,,,
1402,2030,31,,,,,2032,1,2033,31,,
1403,2030,21,,,,,2033,21,,,,
1404,2030,21,,,,,2033,21,,,,
1405,2030,21,,,,,2032,3,2033,21,,
1406,2030,21,,,,,2033,22,,,,
1407,2030,27,,,,,2033,22,,,,
1408,2030,23,,,,,2033,23,,,,
1409,2030,23,,,,,2032,4,2033,23,,
1410,2030,21,,,,,2033,21,,,,
1411,2030,28,,,,,2033,28,,,,
1412,2030,29,,,,,2033,22,,,,
1413,2031,3,2030,21,,,2033,21,,,,
1414,2030,26,,,,,2033,26,,,,
1415,2030,25,,,,,2033,26,,,,
1416,2032,4,2030,24,,,2033,24,,,,
1417,2030,20,,,,,2033,20,,,,
1418,2030,21,,,,,2033,21,,,,
1419,2030,31,,,,,2033,31,,,,
1420,2030,29,,,,,2032,6,2033,29,,
1421,2032,1,2030,27,,,2034,27,,,,
1422,2030,20,,,,,2033,21,,,,
1423,2030,25,,,,,2034,25,,,,
1424,2030,23,,,,,2034,23,,,,
1425,2030,24,,,,,2034,24,,,,
1426,2032,1,2030,29,,,2033,29,,,,
1427,2030,22,,,,,2033,22,,,,
1428,2030,29,,,,,2033,29,,,,
1429,2030,39,,,,,2033,32,,,,
1430,2030,29,,,,,2033,29,,,,
1431,2030,27,,,,,2032,1,2033,27,,
1432,2030,24,,,,,2033,24,,,,
1433,2030,27,,,,,2033,27,,,,
1434,2030,27,,,,,2033,27,,,,
1435,2030,26,,,,,2033,26,,,,
1436,2030,21,,,,,2032,2,2033,24,,
1437,2030,25,,,,,2032,5,2033,25,,
1438,2030,27,,,,,2033,22,,,,
1439,2031,4,2030,29,,,2033,29,,,,
1440,2030,23,,,,,2033,23,,,,
1441,2032,1,2030,25,,,2033,25,,,,
1442,2030,24,,,,,2033,24,,,,
1443,2030,30,,,,,2032,3,2033,30,,
1444,2030,31,,,,,2033,28,,,,
1445,2030,31,,,,,2033,31,,,,
1446,2030,32,,,,,2033,25,,,,
1447,2030,33,,,,,2033,29,,,,
1448,2030,27,,,,,2033,27,,,,
1449,2030,23,,,,,2033,2,2034,21,,
1450,2030,29,,,,,2033,24,,,,
1451,2030,20,,,,,2033,20,,,,
1452,2030,28,,,,,2033,29,,,,
1453,2030,32,,,,,2033,26,,,,
1454,2030,1,2029,21,,,2033,22,,,,
1455,2029,24,,,,,2031,1,2033,24,,
1456,2029,30,,,,,2031,7,2033,30,,
1457,2029,24,,,,,2031,1,2033,24,,
1458,2029,21,,,,,2031,1,2033,21,,
1459,2030,6,2029,23,,,2033,23,,,,
1460,2030,6,2029,24,,,2033,24,,,,
1461,2029,27,,,,,2033,27,,,,
1462,2030,2,2029,22,,,2033,24,,,,
1463,2029,21,,,,,2033,21,,,,
1464,2029,31,,,,,2030,1,2033,31,,
1465,2029,31,,,,,2033,31,,,,
1466,2030,2,2029,30,,,2033,32,,,,
1467,2030,2,2029,29,,,2033,31,,,,
1468,2029,24,,,,,2033,24,,,,
1469,2030,28,,,,,2033,28,,,,
1470,2032,1,2030,30,,,2033,28,,,,
1471,2030,25,,,,,2033,25,,,,
1472,2032,1,2030,23,,,2033,23,,,,
1473,2030,29,,,,,2033,29,,,,
1474,2030,22,,,,,2032,2,2033,23,,
1475,2030,24,,,,,2032,6,2033,24,,
1476,2030,1,2029,28,,,2033,29,,,,
1477,2030,26,,,,,2033,26,,,,
1478,2030,30,,,,,2033,30,,,,
1479,2030,2,2029,25,,,2033,27,,,,
1480,2031,3,2030,6,2029,27,2033,27,,,,
1481,2029,24,,,,,2030,1,2033,24,,
1482,2032,1,2030,2,2029,25,2033,27,,,,
1483,2032,1,2030,1,2029,20,2033,21,,,,
1484,2031,5,2029,21,,,2033,21,,,,
1485,2030,7,2029,25,,,2033,25,,,,
1486,2029,24,,,,,2033,24,,,,
1487,2032,1,2029,25,,,2033,25,,,,
1488,2029,36,,,,,2032,2,2033,29,,
1489,2031,3,2029,28,,,2032,28,,,,
1490,2029,21,,,,,2031,3,2032,22,,
1491,2029,21,,,,,2032,22,,,,
1492,2029,30,,,,,2032,30,,,,
1493,2029,35,,,,,2032,31,,,,
1494,2029,20,,,,,2031,4,2032,24,,
1495,2029,20,,,,,2032,21,,,,
1496,2029,21,,,,,2032,21,,,,
1497,2029,29,,,,,2032,29,,,,
1498,2029,29,,,,,2032,22,,,,
1499,2029,29,,,,,2032,29,,,,
1500,2029,20,,,,,2032,20,,,,
1501,2029,32,,,,,2032,32,,,,
1502,2029,30,,,,,2032,23,,,,
1503,2029,26,,,,,2032,26,,,,
1504,2029,22,,,,,2032,22,,,,
1505,2029,21,,,,,2032,21,,,,
1506,2029,25,,,,,2032,25,,,,
1507,2029,31,,,,,2031,2,2032,31,,
1508,2029,22,,,,,2032,22,,,,
1509,2029,38,,,,,2032,30,,,,
1510,2029,22,,,,,2032,22,,,,
1511,2029,21,,,,,2031,1,2032,21,,
1512,2029,24,,,,,2033,24,,,,
1513,2029,24,,,,,2031,3,2033,24,,
1514,2030,7,2029,32,,,2032,2,2033,30,,
1515,2029,30,,,,,2033,30,,,,
1516,2031,2,2030,31,,,2033,24,,,,
1517,2029,22,,,,,2030,1,2033,22,,
1518,2029,26,,,,,2032,3,2033,26,,
1519,2030,24,,,,,2033,24,,,,
1520,2031,5,2030,29,,,2032,3,2033,29,,
1521,2032,1,2030,23,,,2033,23,,,,
1522,2029,22,,,,,2032,1,2033,21,,
1523,2029,27,,,,,2033,27,,,,
1524,2030,1,2029,22,,,2033,23,,,,
1525,2029,27,,,,,2033,27,,,,
1526,2029,27,,,,,2031,2,2033,27,,
1527,2031,2,2029,27,,,2033,27,,,,
1528,2029,21,,,,,2031,3,2033,21,,
1529,2029,22,,,,,2033,22,,,,
1530,2029,24,,,,,2033,24,,,,
1531,2029,25,,,,,2031,2,2033,25,,
1532,2029,20,,,,,2031,4,2033,20,,
1533,2030,2,2029,21,,,2033,23,,,,
1534,2029,20,,,,,2030,3,2033,20,,
1535,2029,20,,,,,2030,1,2032,5,2033,20
1536,2029,31,,,,,2030,1,2033,31,,
1537,2029,26,,,,,2033,26,,,,
1538,2030,2,2029,21,,,2033,23,,,,
1539,2030,30,,,,,2033,28,,,,
1540,2032,1,2029,27,,,2033,27,,,,
1541,2030,30,,,,,2033,27,,,,
1542,2030,23,,,,,2033,23,,,,
1543,2030,28,,,,,2033,23,,,,
1544,2029,26,,,,,2033,26,,,,
1545,2030,28,,,,,2033,27,,,,
1546,2030,21,,,,,2033,21,,,,
1547,2030,28,,,,,2033,28,,,,
1548,2030,29,,,,,2033,29,,,,
1549,2032,3,2030,23,,,2033,23,,,,
1550,2030,22,,,,,2032,3,2033,22,,
1551,2030,23,,,,,2033,21,,,,
1552,2030,34,,,,,2033,27,,,,
1553,2030,29,,,,,2033,29,,,,
1554,2030,30,,,,,2033,30,,,,
1555,2030,23,,,,,2033,23,,,,
1556,2030,28,,,,,2033,29,,,,
1557,2030,27,,,,,2033,27,,,,
1558,2030,33,,,,,2033,28,,,,
1559,2030,29,,,,,2032,5,2033,29,,
1560,2030,26,,,,,2033,26,,,,
1561,2030,28,,,,,2033,28,,,,
1562,2030,23,,,,,2033,23,,,,
1563,2030,26,,,,,2033,26,,,,
1564,2032,5,2030,26,,,2033,26,,,,
1565,2030,26,,,,,2032,3,2033,26,,
1566,2030,28,,,,,2033,28,,,,
1567,2030,31,,,,,2033,31,,,,
1568,2032,7,2030,25,,,2033,25,,,,
1569,2030,30,,,,,2033,26,,,,
1570,2031,3,2030,22,,,2033,22,,,,
1571,2030,1,2029,26,,,2033,27,,,,
1572,2030,30,,,,,2033,29,,,,
1573,2030,32,,,,,2033,32,,,,
1574,2030,1,2029,20,,,2033,22,,,,
1575,2030,6,2029,23,,,2033,25,,,,
1576,2031,9,2030,2,2029,21,2033,23,,,,
1577,2029,25,,,,,2033,25,,,,
1578,2029,26,,,,,2033,26,,,,
1579,2030,6,2029,24,,,2033,26,,,,
1580,2030,29,,,,,2033,29,,,,
1581,2030,31,,,,,2033,31,,,,
1582,2030,3,2029,25,,,2033,27,,,,
1583,2030,23,,,,,2033,23,,,,
1584,2030,29,,,,,2033,29,,,,
1585,2032,1,2029,29,,,2033,29,,,,
1586,2030,5,2029,23,,,2033,23,,,,
1587,2029,29,,,,,2031,3,2033,29,,
1588,2030,1,2029,25,,,2032,3,2033,26,,
1589,2030,20,,,,,2033,20,,,,
1590,2030,22,,,,,2032,1,2033,22,,
1591,2030,25,,,,,2033,25,,,,
1592,2030,23,,,,,2033,20,,,,
1593,2030,29,,,,,2033,30,,,,
1594,2030,21,,,,,2032,2,2033,21,,
1595,2032,1,2030,31,,,2033,25,,,,
1596,2030,32,,,,,2033,2,2034,30,,
1597,2031,5,2030,31,,,2033,1,2034,30,,
1598,2030,29,,,,,2033,29,,,,
1599,2030,20,,,,,2032,3,2033,20,,
1600,2031,6,2030,23,,,2033,23,,,,
1601,2031,3,2030,32,,,2033,2,2034,30,,
1602,2030,32,,,,,2032,8,2033,32,,
1603,2031,1,2030,22,,,2032,2,2034,23,,
1604,2030,28,,,,,2034,28,,,,
1605,2030,28,,,,,2034,28,,,,
1606,2032,2,2030,23,,,2034,23,,,,
1607,2030,28,,,,,2031,2,2034,30,,
1608,2031,1,2030,28,,,2034,29,,,,
1609,2031,2,2030,23,,,2033,6,2034,25,,
1610,2031,5,2030,24,,,2034,26,,,,
1611,2031,23,,,,,2033,1,2034,23,,
1612,2031,24,,,,,2034,24,,,,
1613,2031,27,,,,,2035,27,,,,
1614,2033,1,2031,29,,,2034,29,,,,
1615,2031,23,,,,,2033,1,2035,23,,
1616,2031,31,,,,,2034,30,,,,
1617,2031,30,,,,,2034,30,,,,
1618,2031,28,,,,,2033,1,2034,28,,
1619,2031,28,,,,,2033,7,2035,28,,
1620,2031,31,,,,,2034,1,2035,30,,
1621,2031,32,,,,,2034,2,2035,30,,
1622,2031,27,,,,,2035,27,,,,
1623,2031,28,,,,,2034,2,2035,26,,
1624,2031,29,,,,,2034,2,2035,27,,
1625,2031,29,,,,,2034,29,,,,
1626,2031,27,,,,,2034,27,,,,
1627,2031,28,,,,,2034,28,,,,
1628,2031,20,,,,,2034,20,,,,
1629,2031,32,,,,,2033,7,2034,32,,
1630,2030,27,,,,,2032,6,2034,27,,
1631,2030,22,,,,,2032,6,2034,23,,
1632,2030,30,,,,,2034,30,,,,
1633,2030,26,,,,,2034,26,,,,
1634,2032,4,2030,29,,,2033,1,2034,28,,
1635,2030,27,,,,,2034,27,,,,
1636,2030,30,,,,,2031,3,2032,8,2034,30
1637,2031,2,2030,20,,,2034,20,,,,
1638,2030,25,,,,,2032,5,2034,25,,
1639,2031,5,2030,22,,,2034,22,,,,
1640,2032,2,2030,22,,,2034,22,,,,
1641,2033,1,2030,29,,,2034,29,,,,
1642,2030,23,,,,,2034,23,,,,
1643,2031,2,2030,25,,,2034,27,,,,
1644,2031,1,2030,26,,,2033,6,2034,27,,
1645,2031,1,2030,24,,,2032,5,2034,25,,
1646,2031,9,2030,30,,,2034,32,,,,
1647,2031,27,,,,,2034,27,,,,
1648,2031,24,,,,,2034,24,,,,
1649,2031,24,,,,,2034,24,,,,
1650,2031,26,,,,,2034,26,,,,
1651,2031,28,,,,,2034,28,,,,
1652,2031,30,,,,,2034,30,,,,
1653,2033,1,2031,27,,,2034,27,,,,
1654,2031,30,,,,,2034,30,,,,
1655,2031,21,,,,,2034,21,,,,
1656,2031,28,,,,,2032,3,2034,28,,
1657,2033,1,2031,29,,,2034,29,,,,
1658,2030,24,,,,,2031,1,2034,24,,
1659,2030,28,,,,,2032,6,2034,28,,
1660,2032,4,2031,1,2030,23,2034,24,,,,
1661,2031,22,,,,,2033,4,2034,22,,
1662,2030,22,,,,,2034,22,,,,
1663,2031,30,,,,,2034,30,,,,
1664,2031,2,2030,21,,,2034,23,,,,
1665,2030,29,,,,,2031,1,2034,29,,
1666,2031,28,,,,,2034,28,,,,
1667,2030,21,,,,,2034,21,,,,
1668,2031,27,,,,,2034,24,,,,
1669,2031,24,,,,,2034,24,,,,
1670,2031,22,,,,,2034,22,,,,
1671,2031,31,,,,,2034,27,,,,
1672,2031,23,,,,,2033,8,2034,23,,
1673,2031,26,,,,,2034,26,,,,
1674,2031,29,,,,,2033,6,2034,29,,
1675,2031,27,,,,,2034,27,,,,
1676,2031,25,,,,,2034,25,,,,
1677,2031,24,,,,,2033,6,2034,24,,
1678,2031,32,,,,,2034,32,,,,
1679,2031,29,,,,,2034,29,,,,
1680,2031,29,,,,,2034,29,,,,
1681,2031,23,,,,,2034,23,,,,
1682,2031,25,,,,,2033,3,2034,25,,
1683,2031,23,,,,,2034,20,,,,
1684,2031,30,,,,,2033,6,2034,30,,
1685,2031,26,,,,,2034,26,,,,
1686,2031,22,,,,,2034,21,,,,
1687,2031,25,,,,,2034,20,,,,
1688,2030,27,,,,,2034,27,,,,
1689,2030,23,,,,,2034,23,,,,
1690,2030,28,,,,,2031,10,2032,4,2034,28
1691,2030,29,,,,,2033,29,,,,
1692,2030,29,,,,,2033,29,,,,
1693,2030,30,,,,,2031,4,2033,1,2034,29
1694,2030,24,,,,,2032,6,2033,2,2034,22
1695,2031,7,2030,30,,,2034,30,,,,
1696,2031,22,,,,,2034,22,,,,
1697,2031,28,,,,,2034,24,,,,
1698,2031,28,,,,,2034,28,,,,
1699,2031,23,,,,,2034,23,,,,
1700,2030,20,,,,,2032,5,2034,20,,
1701,2031,1,2030,24,,,2034,26,,,,
1702,2030,31,,,,,2034,31,,,,
1703,2030,25,,,,,2032,2,2034,25,,
1704,2030,26,,,,,2034,26,,,,
1705,2030,26,,,,,2032,6,2034,26,,
1706,2030,32,,,,,2034,32,,,,
1707,2031,24,,,,,2034,24,,,,
1708,2031,29,,,,,2034,23,,,,
1709,2031,1,2030,28,,,2034,29,,,,
1710,2031,6,2030,32,,,2034,32,,,,
1711,2030,30,,,,,2034,30,,,,
1712,2030,31,,,,,2034,31,,,,
1713,2030,29,,,,,2031,1,2032,6,2034,29
1714,2030,22,,,,,2034,22,,,,
1715,2030,31,,,,,2032,8,2034,31,,
1716,2033,1,2030,27,,,2034,27,,,,
1717,2030,27,,,,,2034,27,,,,
1718,2033,1,2030,22,,,2034,22,,,,
1719,2032,6,2030,26,,,2034,26,,,,
1720,2030,30,,,,,2034,30,,,,
1721,2031,2,2030,22,,,2032,4,2034,24,,
1722,2030,24,,,,,2034,24,,,,
1723,2031,28,,,,,2033,7,2034,28,,
1724,2033,1,2030,23,,,2034,23,,,,
1725,2030,25,,,,,2034,25,,,,
1726,2030,24,,,,,2034,24,,,,
1727,2030,32,,,,,2033,2,2034,30,,
1728,2030,29,,,,,2032,1,2033,30,,
1729,2030,20,,,,,2033,20,,,,
1730,2030,22,,,,,2033,22,,,,
1731,2030,29,,,,,2033,30,,,,
1732,2031,5,2030,32,,,2033,2,2034,30,,
1733,2030,21,,,,,2033,1,2034,20,,
1734,2030,27,,,,,2033,2,2034,22,,
1735,2030,26,,,,,2033,26,,,,
1736,2032,6,2030,24,,,2033,1,2034,23,,
1737,2030,20,,,,,2033,20,,,,
1738,2030,35,,,,,2033,29,,,,
1739,2030,31,,,,,2032,6,2033,1,2034,30
1740,2030,29,,,,,2034,29,,,,
1741,2030,20,,,,,2032,4,2034,20,,
1742,2030,31,,,,,2034,31,,,,
1743,2030,25,,,,,2033,1,2034,24,,
1744,2030,29,,,,,2031,3,2033,29,,
1745,2030,23,,,,,2032,1,2033,23,,
1746,2030,33,,,,,2033,28,,,,
1747,2030,25,,,,,2033,25,,,,
1748,2030,30,,,,,2032,3,2033,31,,
1749,2030,25,,,,,2032,3,2033,25,,
1750,2030,2,2029,21,,,2033,21,,,,
1751,2029,23,,,,,2033,23,,,,
1752,2029,26,,,,,2033,26,,,,
1753,2029,22,,,,,2033,22,,,,
1754,2029,27,,,,,2033,27,,,,
1755,2029,24,,,,,2032,1,2033,23,,
1756,2029,31,,,,,2032,1,2033,30,,
1757,2030,2,2029,20,,,2033,22,,,,
1758,2029,26,,,,,2033,26,,,,
1759,2030,20,,,,,2033,20,,,,
1760,2030,30,,,,,2033,30,,,,
1761,2030,29,,,,,2032,3,2033,29,,
1762,2029,21,,,,,2033,21,,,,
1763,2030,20,,,,,2033,20,,,,
1764,2030,26,,,,,2032,8,2033,26,,
1765,2030,24,,,,,2033,24,,,,
1766,2030,23,,,,,2032,6,2033,23,,
1767,2030,30,,,,,2033,30,,,,
1768,2030,26,,,,,2033,26,,,,
1769,2030,29,,,,,2033,2,2034,27,,
1770,2030,29,,,,,2033,1,2034,29,,
1771,2030,30,,,,,2032,5,2033,30,,
1772,2030,27,,,,,2033,27,,,,
1773,2030,30,,,,,2033,30,,,,
1774,2030,31,,,,,2033,31,,,,
1775,2030,23,,,,,2032,2,2033,23,,
1776,2030,29,,,,,2033,29,,,,
1777,2030,24,,,,,2032,4,2033,24,,
1778,2030,34,,,,,2033,2,2034,27,,
1779,2030,31,,,,,2033,29,,,,
1780,2030,23,,,,,2033,23,,,,
1781,2032,4,2030,24,,,2033,24,,,,
1782,2030,21,,,,,2034,21,,,,
1783,2030,27,,,,,2033,2,2034,25,,
1784,2030,23,,,,,2033,23,,,,
1785,2030,25,,,,,2033,25,,,,
1786,2030,22,,,,,2033,22,,,,
1787,2030,21,,,,,2033,21,,,,
1788,2030,25,,,,,2032,8,2033,26,,
1789,2030,28,,,,,2033,28,,,,
1790,2030,31,,,,,2033,31,,,,
1791,2030,25,,,,,2033,25,,,,
1792,2030,28,,,,,2033,28,,,,
1793,2030,26,,,,,2032,7,2033,26,,
1794,2031,5,2030,26,,,2033,26,,,,
1795,2030,31,,,,,2034,31,,,,
1796,2032,1,2031,3,2030,29,2034,29,,,,
1797,2031,8,2030,22,,,2033,2,2034,20,,
1798,2030,28,,,,,2034,28,,,,
1799,2031,4,2030,23,,,2034,23,,,,
1800,2030,28,,,,,2034,28,,,,
1801,2031,2,2030,21,,,2034,21,,,,
1802,2032,1,2030,23,,,2033,23,,,,
1803,2030,19,,,,,2032,6,2034,20,,
1804,2032,1,2030,27,,,2034,27,,,,
1805,2030,26,,,,,2032,7,2034,26,,
1806,2030,28,,,,,2034,28,,,,
1807,2030,27,,,,,2034,27,,,,
1808,2030,21,,,,,2033,1,2034,20,,
1809,2031,7,2030,29,,,2034,29,,,,
1810,2030,22,,,,,2032,7,2034,22,,
1811,2030,23,,,,,2034,23,,,,
1812,2030,29,,,,,2033,2,2034,27,,
1813,2030,29,,,,,2032,3,2033,29,,
1814,2031,1,2030,26,,,2034,27,,,,
1815,2031,2,2030,23,,,2033,7,2034,25,,
1816,2030,31,,,,,2034,31,,,,
1817,2031,5,2030,20,,,2034,21,,,,
1818,2031,1,2030,20,,,2034,21,,,,
1819,2030,27,,,,,2034,27,,,,
1820,2031,34,,,,,2034,26,,,,
1821,2030,22,,,,,2034,22,,,,
1822,2030,29,,,,,2032,4,2034,29,,
1823,2031,2,2030,23,,,2032,2,2034,23,,
1824,2031,1,2030,27,,,2032,1,2034,28,,
1825,2033,1,2031,1,2030,28,2034,29,,,,
1826,2031,2,2030,20,,,2034,22,,,,
1827,2031,2,2030,29,,,2034,31,,,,
1828,2031,32,,,,,2032,6,2034,32,,
1829,2031,27,,,,,2034,20,,,,
1830,2031,26,,,,,2034,23,,,,
1831,2031,27,,,,,2034,27,,,,
1832,2031,29,,,,,2033,6,2034,29,,
1833,2031,28,,,,,2034,29,,,,
1834,2031,22,,,,,2033,1,2034,22,,
1835,2031,25,,,,,2034,24,,,,
1836,2033,7,2031,26,,,2034,26,,,,
1837,2033,1,2031,23,,,2034,23,,,,
1838,2031,23,,,,,2034,24,,,,
1839,2031,30,,,,,2034,30,,,,
1840,2031,24,,,,,2035,24,,,,
1841,2031,33,,,,,2034,26,,,,
1842,2031,26,,,,,2033,5,2034,26,,
1843,2031,32,,,,,2034,32,,,,
1844,2031,29,,,,,2033,2,2034,29,,
1845,2031,21,,,,,2034,21,,,,
1846,2031,22,,,,,2034,2,2035,20,,
1847,2031,22,,,,,2034,1,2035,21,,
1848,2033,5,2031,28,,,2035,28,,,,
1849,2034,1,2032,27,,,2035,27,,,,
1850,2031,31,,,,,2033,5,2034,31,,
1851,2031,28,,,,,2033,5,2034,28,,
1852,2031,22,,,,,2034,22,,,,
1853,2033,1,2031,22,,,2034,22,,,,
1854,2031,33,,,,,2034,29,,,,
1855,2031,32,,,,,2034,32,,,,
1856,2031,32,,,,,2034,32,,,,
1857,2031,21,,,,,2034,21,,,,
1858,2033,1,2031,23,,,2034,23,,,,
1859,2031,24,,,,,2035,24,,,,
1860,2031,24,,,,,2033,7,2035,24,,
1861,2031,32,,,,,2035,32,,,,
1862,2031,22,,,,,2035,22,,,,
1863,2031,27,,,,,2035,27,,,,
1864,2031,22,,,,,2035,22,,,,
1865,2031,26,,,,,2035,26,,,,
1866,2031,28,,,,,2035,28,,,,
1867,2031,26,,,,,2035,26,,,,
1868,2031,23,,,,,2035,23,,,,
1869,2032,30,,,,,2035,29,,,,
1870,2031,30,,,,,2032,1,2034,2,2035,30
1871,2032,30,,,,,2035,23,,,,
1872,2033,3,2032,23,,,2035,23,,,,
1873,2032,23,,,,,2034,6,2035,23,,
1874,2032,28,,,,,2035,27,,,,
1875,2032,30,,,,,2035,30,,,,
1876,2032,25,,,,,2035,26,,,,
1877,2032,26,,,,,2035,2,2036,24,,
1878,2032,21,,,,,2036,21,,,,
1879,2032,27,,,,,2033,9,2036,27,,
1880,2032,27,,,,,2036,27,,,,
1881,2034,1,2032,28,,,2036,28,,,,
1882,2032,31,,,,,2033,3,2035,1,2036,30
1883,2032,27,,,,,2036,27,,,,
1884,2033,4,2032,26,,,2036,26,,,,
1885,2032,29,,,,,2036,29,,,,
1886,2032,24,,,,,2034,6,2036,24,,
1887,2032,24,,,,,2035,2,2036,22,,
1888,2032,22,,,,,2034,3,2036,22,,
1889,2032,25,,,,,2036,25,,,,
1890,2033,25,,,,,2036,23,,,,
1891,2032,25,,,,,2036,25,,,,
1892,2032,28,,,,,2036,28,,,,
1893,2032,22,,,,,2036,22,,,,
1894,2032,31,,,,,2036,31,,,,
1895,2033,24,,,,,2036,24,,,,
1896,2033,23,,,,,2034,2,2036,23,,
1897,2033,26,,,,,2036,26,,,,
1898,2033,23,,,,,2037,23,,,,
1899,2033,32,,,,,2036,30,,,,
1900,2033,23,,,,,2036,23,,,,
1901,2033,26,,,,,2036,26,,,,
1902,2033,29,,,,,2035,5,2036,30,,
1903,2033,28,,,,,2036,28,,,,
1904,2033,23,,,,,2035,7,2036,23,,
1905,2033,32,,,,,2036,2,2037,30,,
1906,2033,24,,,,,2037,24,,,,
1907,2035,1,2033,35,,,2036,29,,,,
1908,2035,4,2033,33,,,2036,30,,,,
1909,2033,26,,,,,2036,26,,,,
1910,2033,25,,,,,2036,25,,,,
1911,2033,33,,,,,2036,29,,,,
1912,2033,22,,,,,2036,22,,,,
1913,2033,29,,,,,2036,26,,,,
1914,2033,34,,,,,2036,29,,,,
1915,2033,29,,,,,2036,29,,,,
1916,2033,28,,,,,2036,28,,,,
1917,2033,28,,,,,2036,28,,,,
1918,2033,3,2032,28,,,2036,28,,,,
1919,2033,2,2032,23,,,2036,25,,,,
1920,2032,29,,,,,2035,29,,,,
1921,2034,1,2033,2,2032,25,2035,2,2036,23,,
1922,2035,1,2033,3,2032,27,2036,27,,,,
1923,2035,1,2033,30,,,2036,26,,,,
1924,2032,27,,,,,2036,27,,,,
1925,2035,1,2033,2,2032,25,2036,25,,,,
1926,2032,29,,,,,2036,29,,,,
1927,2032,25,,,,,2036,25,,,,
1928,2033,5,2032,20,,,2036,20,,,,
1929,2033,1,2032,26,,,2036,26,,,,
1930,2032,27,,,,,2033,3,2036,28,,
1931,2032,34,,,,,2035,1,2036,26,,
1932,2034,1,2032,24,,,2035,22,,,,
1933,2032,26,,,,,2035,26,,,,
1934,2032,27,,,,,2035,24,,,,
1935,2032,24,,,,,2035,24,,,,
1936,2032,25,,,,,2035,25,,,,
1937,2032,21,,,,,2035,21,,,,
1938,2032,23,,,,,2035,23,,,,
1939,2032,31,,,,,2034,6,2035,31,,
1940,2032,28,,,,,2034,4,2035,28,,
1941,2032,31,,,,,2035,31,,,,
1942,2032,31,,,,,2035,26,,,,
1943,2031,26,,,,,2032,1,2035,26,,
1944,2031,31,,,,,2035,31,,,,
1945,2031,21,,,,,2034,21,,,,
1946,2031,30,,,,,2033,7,2034,30,,
1947,2031,36,,,,,2034,28,,,,
1948,2031,30,,,,,2033,5,2034,30,,
1949,2031,25,,,,,2033,7,2034,25,,
1950,2031,27,,,,,2034,27,,,,
1951,2031,29,,,,,2033,6,2034,1,2035,28
1952,2031,21,,,,,2035,21,,,,
1953,2033,3,2032,5,2031,30,2035,30,,,,
1954,2031,25,,,,,2035,25,,,,
1955,2031,21,,,,,2032,1,2035,21,,
1956,2031,25,,,,,2032,2,2034,22,,
1957,2033,5,2031,29,,,2034,29,,,,
1958,2031,30,,,,,2034,1,2035,29,,
1959,2031,24,,,,,2033,7,2035,24,,
1960,2031,30,,,,,2033,1,2035,30,,
1961,2031,28,,,,,2033,6,2035,28,,
1962,2032,2,2031,23,,,2033,8,2035,25,,
1963,2032,2,2031,24,,,2035,26,,,,
1964,2031,22,,,,,2033,6,2035,22,,
1965,2031,20,,,,,2035,20,,,,
1966,2032,29,,,,,2035,24,,,,
1967,2034,1,2032,10,2031,21,2035,23,,,,
1968,2033,6,2031,28,,,2035,28,,,,
1969,2031,26,,,,,2035,26,,,,
1970,2032,1,2031,20,,,2035,21,,,,
1971,2032,1,2031,23,,,2035,24,,,,
1972,2032,26,,,,,2035,26,,,,
1973,2032,28,,,,,2035,28,,,,
1974,2032,21,,,,,2035,21,,,,
1975,2032,29,,,,,2035,25,,,,
1976,2032,26,,,,,2035,26,,,,
1977,2032,22,,,,,2036,23,,,,
1978,2032,22,,,,,2036,22,,,,
1979,2035,1,2032,26,,,2036,26,,,,
1980,2032,29,,,,,2035,28,,,,
1981,2032,23,,,,,2035,23,,,,
1982,2032,31,,,,,2036,31,,,,
1983,2032,24,,,,,2036,24,,,,
1984,2032,30,,,,,2033,2,2036,30,,
1985,2032,32,,,,,2036,32,,,,
1986,2033,1,2032,24,,,2036,25,,,,
1987,2032,22,,,,,2036,22,,,,
1988,2032,28,,,,,2036,28,,,,
1989,2034,1,2033,1,2032,23,2036,23,,,,
1990,2033,31,,,,,2036,32,,,,
1991,2033,5,2032,23,,,2036,23,,,,
1992,2033,2,2032,29,,,2036,31,,,,
1993,2035,1,2033,1,2032,29,2036,30,,,,
1994,2032,25,,,,,2034,8,2036,25,,
1995,2033,1,2032,21,,,2036,22,,,,
1996,2032,28,,,,,2035,6,2036,28,,
1997,2032,30,,,,,2036,30,,,,
1998,2033,1,2032,27,,,2036,28,,,,
1999,2032,25,,,,,2036,25,,,,
2000,2034,18,2032,24,,,2036,24,,,,
2001,2033,30,,,,,2035,3,2036,32,,
2002,2033,29,,,,,2036,29,,,,
2003,2032,26,,,,,2033,1,2036,26,,
2004,2033,6,2032,31,,,2036,31,,,,
2005,2032,29,,,,,2036,29,,,,
2006,2032,22,,,,,2034,10,2036,22,,
2007,2032,29,,,,,2036,29,,,,
2008,2032,25,,,,,2036,24,,,,
2009,2032,29,,,,,2033,1,2036,29,,
2010,2033,2,2032,27,,,2036,27,,,,
2011,2032,25,,,,,2036,25,,,,
2012,2032,28,,,,,2034,7,2036,28,,
2013,2032,22,,,,,2036,22,,,,
2014,2032,31,,,,,2036,31,,,,
2015,2032,20,,,,,2036,20,,,,
2016,2032,21,,,,,2036,21,,,,
2017,2033,29,,,,,2036,29,,,,
2018,2033,1,2032,21,,,2034,2,2036,22,,
2019,2033,31,,,,,2036,31,,,,
2020,2032,28,,,,,2036,28,,,,
2021,2032,23,,,,,2035,24,,,,
2022,2033,5,2032,21,,,2035,21,,,,
2023,2032,34,,,,,2035,30,,,,
2024,2034,1,2032,29,,,2035,28,,,,
2025,2033,3,2032,23,,,2035,2,2036,21,,
2026,2032,29,,,,,2035,1,2036,28,,
2027,2032,22,,,,,2036,22,,,,
2028,2032,22,,,,,2035,22,,,,
2029,2032,28,,,,,2036,28,,,,
2030,2034,1,2032,25,,,2035,24,,,,
2031,2032,24,,,,,2035,24,,,,
2032,2032,30,,,,,2035,25,,,,
2033,2032,31,,,,,2033,2,2035,25,,
2034,2032,30,,,,,2035,30,,,,
2035,2032,29,,,,,2035,29,,,,
2036,2032,26,,,,,2035,26,,,,
2037,2034,1,2032,23,,,2035,23,,,,
2038,2033,6,2032,21,,,2035,21,,,,
2039,2032,27,,,,,2034,7,2035,27,,
2040,2034,2,2032,30,,,2035,30,,,,
2041,2032,21,,,,,2034,4,2035,21,,
2042,2032,25,,,,,2035,25,,,,
2043,2032,21,,,,,2035,21,,,,
2044,2032,30,,,,,2034,1,2035,1,2036,29
2045,2032,21,,,,,2034,2,2035,1,2036,20
2046,2032,31,,,,,2034,3,2035,31,,
2047,2032,24,,,,,2036,24,,,,
2048,2032,27,,,,,2034,2,2036,27,,
2049,2032,28,,,,,2034,4,2036,28,,
2050,2032,27,,,,,2035,28,,,,
2051,2034,2,2032,22,,,2036,22,,,,
2052,2033,28,,,,,2036,28,,,,
2053,2033,22,,,,,2036,22,,,,
2054,2035,1,2033,23,,,2036,23,,,,
2055,2033,29,,,,,2036,29,,,,
2056,2033,24,,,,,2036,24,,,,
2057,2033,30,,,,,2035,4,2036,30,,
2058,2033,33,,,,,2036,29,,,,
2059,2033,34,,,,,2036,28,,,,
2060,2033,28,,,,,2036,28,,,,
2061,2033,28,,,,,2036,28,,,,
2062,2033,25,,,,,2036,25,,,,
2063,2033,28,,,,,2036,28,,,,
2064,2033,25,,,,,2036,25,,,,
2065,2033,30,,,,,2036,30,,,,
2066,2033,27,,,,,2036,27,,,,
2067,2032,25,,,,,2033,3,2036,27,,
2068,2033,1,2032,23,,,2035,2,2036,21,,
2069,2032,28,,,,,2036,28,,,,
2070,2032,22,,,,,2036,23,,,,
2071,2032,32,,,,,2035,2,2036,24,,
2072,2033,2,2032,27,,,2036,27,,,,
2073,2033,5,2032,27,,,2035,1,2036,26,,
2074,2032,30,,,,,2036,30,,,,
2075,2032,23,,,,,2035,23,,,,
2076,2034,8,2032,36,,,2035,30,,,,
2077,2032,1,2031,30,,,2035,31,,,,
2078,2034,1,2032,24,,,2035,24,,,,
2079,2032,19,,,,,2035,20,,,,
2080,2032,28,,,,,2035,25,,,,
2081,2032,34,,,,,2035,31,,,,
2082,2032,28,,,,,2035,28,,,,
2083,2032,22,,,,,2035,23,,,,
2084,2032,24,,,,,2035,24,,,,
2085,2032,20,,,,,2035,20,,,,
2086,2032,1,2031,28,,,2035,29,,,,
2087,2032,33,,,,,2035,26,,,,
2088,2032,26,,,,,2035,26,,,,
2089,2032,26,,,,,2033,2,2035,27,,
2090,2034,1,2032,2,2031,24,2035,26,,,,
2091,2031,27,,,,,2034,2,2035,25,,
2092,2031,26,,,,,2034,26,,,,
2093,2031,32,,,,,2033,3,2034,32,,
2094,2031,32,,,,,2034,32,,,,
2095,2031,24,,,,,2034,24,,,,
2096,2031,26,,,,,2034,26,,,,
2097,2031,28,,,,,2033,3,2034,29,,
2098,2033,3,2031,24,,,2034,24,,,,
2099,2031,29,,,,,2033,1,2034,29,,
2100,2031,24,,,,,2033,8,2034,27,,
2101,2031,23,,,,,2033,6,2034,24,,
2102,2030,29,,,,,2034,29,,,,
2103,2030,31,,,,,2034,32,,,,
2104,2030,26,,,,,2033,1,2034,26,,
2105,2032,5,2031,7,2030,22,2033,2,2034,20,,
2106,2030,24,,,,,2034,24,,,,
2107,2030,30,,,,,2034,30,,,,
2108,2031,2,2030,25,,,2034,26,,,,
2109,2031,2,2030,24,,,2034,26,,,,
2110,2031,22,,,,,2034,22,,,,
2111,2031,24,,,,,2034,24,,,,
2112,2031,28,,,,,2034,28,,,,
2113,2031,27,,,,,2034,27,,,,
2114,2031,27,,,,,2034,2,2035,21,,
2115,2032,6,2031,30,,,2035,30,,,,
2116,2032,6,2031,30,,,2035,30,,,,
2117,2032,32,,,,,2034,7,2035,32,,
2118,2032,21,,,,,2035,22,,,,
2119,2032,24,,,,,2035,24,,,,
2120,2032,24,,,,,2035,24,,,,
2121,2034,5,2032,20,,,2036,20,,,,
2122,2033,1,2032,24,,,2035,1,2036,23,,
2123,2034,4,2032,23,,,2036,23,,,,
2124,2032,22,,,,,2036,22,,,,
2125,2032,25,,,,,2034,6,2036,25,,
2126,2033,29,,,,,2036,29,,,,
2127,2033,21,,,,,2036,21,,,,
2128,2033,19,,,,,2036,20,,,,
2129,2033,26,,,,,2036,26,,,,
2130,2033,30,,,,,2036,30,,,,
2131,2033,31,,,,,2036,26,,,,
2132,2033,26,,,,,2036,20,,,,
2133,2033,25,,,,,2036,25,,,,
2134,2033,40,,,,,2036,32,,,,
2135,2033,23,,,,,2035,7,2036,23,,
2136,2033,21,,,,,2036,21,,,,
2137,2033,29,,,,,2037,29,,,,
2138,2034,2,2033,29,,,2035,4,2037,31,,
2139,2034,1,2033,20,,,2037,22,,,,
2140,2033,24,,,,,2037,24,,,,
2141,2033,23,,,,,2036,23,,,,
2142,2033,31,,,,,2036,29,,,,
2143,2033,25,,,,,2035,6,2036,25,,
2144,2033,1,2032,20,,,2036,21,,,,
2145,2033,1,2032,23,,,2036,24,,,,
2146,2033,1,2032,26,,,2036,26,,,,
2147,2032,28,,,,,2036,28,,,,
2148,2032,28,,,,,2033,3,2035,2,2036,26
2149,2032,22,,,,,2035,22,,,,
2150,2032,27,,,,,2035,27,,,,
2151,2032,26,,,,,2035,26,,,,
2152,2031,20,,,,,2032,4,2035,20,,
2153,2032,2,2031,25,,,2035,25,,,,
2154,2031,30,,,,,2032,5,2033,5,2035,30
2155,2032,1,2031,26,,,2033,1,2035,27,,
2156,2032,1,2031,28,,,2035,29,,,,
2157,2032,1,2031,21,,,2035,21,,,,
2158,2031,28,,,,,2032,1,2035,28,,
2159,2032,27,,,,,2035,27,,,,
2160,2034,8,2032,28,,,2035,28,,,,
2161,2034,1,2031,31,,,2035,31,,,,
2162,2032,23,,,,,2035,23,,,,
2163,2032,22,,,,,2035,22,,,,
2164,2031,25,,,,,2032,3,2035,25,,
2165,2031,23,,,,,2032,2,2033,2,2035,24
2166,2031,25,,,,,2033,5,2034,25,,
2167,2031,24,,,,,2034,24,,,,
2168,2031,28,,,,,2035,28,,,,
2169,2031,15,,,,,2034,22,,,,
2170,2031,22,,,,,2033,2,2034,1,2035,21
2171,2032,1,2031,23,,,2035,23,,,,
2172,2031,27,,,,,2035,27,,,,
2173,2032,2,2031,24,,,2035,26,,,,
2174,2032,4,2031,22,,,2035,22,,,,
2175,2032,1,2031,22,,,2035,23,,,,
2176,2032,24,,,,,2035,24,,,,
2177,2034,1,2032,28,,,2035,28,,,,
2178,2032,5,2031,29,,,2035,30,,,,
2179,2032,26,,,,,2035,26,,,,
2180,2032,24,,,,,2035,24,,,,
2181,2032,30,,,,,2035,30,,,,
2182,2032,26,,,,,2035,27,,,,
2183,2032,25,,,,,2035,25,,,,
2184,2032,34,,,,,2035,27,,,,
2185,2032,2,2031,23,,,2035,25,,,,
2186,2032,31,,,,,2035,31,,,,
2187,2032,27,,,,,2034,6,2035,27,,
2188,2032,30,,,,,2035,22,,,,
2189,2032,31,,,,,2034,6,2035,1,2036,30
2190,2032,25,,,,,2035,2,2036,23,,
2191,2032,26,,,,,2035,1,2036,25,,
2192,2032,23,,,,,2034,2,2035,23,,
2193,2032,22,,,,,2035,22,,,,
2194,2032,23,,,,,2034,4,2035,23,,
2195,2032,28,,,,,2035,1,2036,27,,
2196,2032,20,,,,,2034,4,2036,20,,
2197,2032,28,,,,,2036,28,,,,
2198,2032,26,,,,,2036,26,,,,
2199,2032,26,,,,,2034,3,2036,26,,
2200,2043,26,,,,,2046,26,,,,
2201,2039,30,,,,,2042,30,,,,
2202,2038,24,,,,,2041,24,,,,
2203,2037,32,,,,,2041,32,,,,
2204,2037,30,,,,,2040,30,,,,
2205,2037,1,2036,21,,,2040,22,,,,
2206,2037,23,,,,,2039,1,2041,23,,
2207,2039,2,2038,21,,,2042,21,,,,
2208,2039,29,,,,,2042,22,,,,
2209,2038,27,,,,,2040,4,2041,27,,
2210,2038,3,2037,30,,,2041,30,,,,
2211,2037,30,,,,,2040,30,,,,
2212,2037,7,2036,21,,,2040,21,,,,
2213,2036,30,,,,,2039,30,,,,
2214,2036,26,,,,,2039,26,,,,
2215,2037,29,,,,,2040,29,,,,
2216,2038,1,2037,26,,,2041,27,,,,
2217,2038,24,,,,,2041,24,,,,
2218,2038,2,2037,24,,,2041,24,,,,
2219,2036,24,,,,,2040,24,,,,
2220,2036,32,,,,,2039,26,,,,
2221,2036,22,,,,,2038,5,2039,22,,
2222,2036,23,,,,,2040,23,,,,
2223,2037,20,,,,,2040,20,,,,
2224,2036,28,,,,,2037,3,2040,30,,
2225,2038,1,2037,29,,,2041,30,,,,
2226,2037,31,,,,,2040,2,2041,29,,
2227,2039,4,2037,22,,,2040,22,,,,
2228,2037,22,,,,,2039,7,2040,22,,
2229,2037,32,,,,,2040,32,,,,
2230,2037,22,,,,,2040,23,,,,
2231,2038,4,2037,26,,,2039,8,2040,26,,
2232,2037,25,,,,,2040,25,,,,
2233,2039,1,2037,25,,,2040,25,,,,
2234,2037,34,,,,,2040,29,,,,
2235,2037,23,,,,,2039,7,2040,23,,
2236,2037,6,2036,21,,,2040,22,,,,
2237,2037,26,,,,,2040,26,,,,
2238,2037,25,,,,,2040,26,,,,
2239,2037,30,,,,,2040,30,,,,
2240,2037,23,,,,,2039,6,2040,23,,
2241,2037,26,,,,,2041,26,,,,
2242,2038,8,2037,24,,,2041,24,,,,
2243,2038,23,,,,,2041,23,,,,
2244,2038,30,,,,,2040,5,2041,30,,
2245,2040,4,2038,26,,,2041,26,,,,
2246,2038,21,,,,,2041,21,,,,
2247,2038,30,,,,,2041,26,,,,
2248,2038,21,,,,,2042,21,,,,
2249,2039,1,2038,20,,,2041,1,2042,21,,
2250,2038,25,,,,,2041,1,2042,24,,
2251,2038,26,,,,,2041,26,,,,
2252,2038,31,,,,,2041,31,,,,
2253,2038,20,,,,,2041,20,,,,
2254,2038,22,,,,,2041,2,2042,20,,
2255,2038,32,,,,,2039,3,2041,26,,
2256,2038,29,,,,,2041,2,2042,25,,
2257,2038,24,,,,,2041,25,,,,
2258,2037,22,,,,,2041,22,,,,
2259,2040,1,2037,26,,,2041,26,,,,
2260,2037,21,,,,,2041,21,,,,
2261,2037,21,,,,,2040,21,,,,
2262,2037,7,2036,22,,,2040,22,,,,
2263,2037,29,,,,,2039,5,2040,29,,
2264,2037,23,,,,,2041,23,,,,
2265,2038,1,2037,32,,,2041,32,,,,
2266,2037,28,,,,,2040,28,,,,
2267,2037,31,,,,,2039,6,2040,2,2041,29
2268,2037,28,,,,,2038,5,2040,28,,
2269,2037,30,,,,,2040,30,,,,
2270,2037,26,,,,,2040,26,,,,
2271,2037,24,,,,,2039,4,2040,25,,
2272,2037,31,,,,,2039,2,2041,31,,
2273,2037,30,,,,,2039,6,2041,30,,
2274,2037,31,,,,,2040,29,,,,
2275,2037,25,,,,,2041,25,,,,
2276,2038,4,2037,26,,,2041,26,,,,
2277,2038,2,2037,22,,,2040,2,2041,20,,
2278,2037,21,,,,,2041,21,,,,
2279,2037,27,,,,,2040,1,2041,26,,
2280,2038,4,2037,24,,,2041,24,,,,
2281,2037,32,,,,,2039,6,2040,2,2041,30
2282,2038,5,2037,27,,,2041,27,,,,
2283,2038,6,2037,28,,,2041,28,,,,
2284,2037,26,,,,,2040,1,2041,22,,
2285,2037,29,,,,,2040,29,,,,
2286,2037,22,,,,,2040,2,2041,20,,
2287,2038,6,2037,31,,,2041,31,,,,
2288,2037,24,,,,,2041,24,,,,
2289,2038,7,2037,29,,,2041,31,,,,
2290,2037,25,,,,,2039,5,2040,25,,
2291,2037,22,,,,,2040,22,,,,
2292,2037,24,,,,,2040,24,,,,
2293,2037,31,,,,,2041,31,,,,
2294,2037,24,,,,,2041,24,,,,
2295,2037,29,,,,,2041,29,,,,
2296,2038,3,2037,26,,,2039,8,2041,26,,
2297,2039,1,2037,27,,,2041,27,,,,
2298,2038,4,2037,30,,,2041,30,,,,
2299,2037,28,,,,,2041,28,,,,
2300,2037,31,,,,,2038,1,2041,31,,
2301,2037,30,,,,,2038,10,2041,31,,
2302,2037,24,,,,,2040,1,2041,23,,
2303,2037,22,,,,,2040,1,2041,21,,
2304,2037,24,,,,,2041,24,,,,
2305,2038,2,2037,22,,,2041,22,,,,
2306,2037,21,,,,,2041,21,,,,
2307,2037,27,,,,,2039,3,2041,27,,
2308,2037,29,,,,,2041,29,,,,
2309,2037,30,,,,,2041,30,,,,
2310,2037,25,,,,,2041,25,,,,
2311,2037,22,,,,,2038,5,2040,2,2041,20
2312,2037,28,,,,,2041,28,,,,
2313,2037,26,,,,,2041,26,,,,
2314,2039,2,2037,28,,,2041,28,,,,
2315,2037,30,,,,,2041,30,,,,
2316,2037,29,,,,,2038,1,2041,29,,
2317,2037,31,,,,,2038,4,2041,32,,
2318,2037,29,,,,,2040,29,,,,
2319,2037,29,,,,,2040,1,2041,28,,
2320,2039,9,2037,28,,,2040,2,2041,26,,
2321,2037,26,,,,,2040,26,,,,
2322,2037,25,,,,,2040,25,,,,
2323,2037,29,,,,,2040,28,,,,
2324,2037,35,,,,,2040,28,,,,
2325,2037,30,,,,,2040,30,,,,
2326,2037,23,,,,,2040,23,,,,
2327,2037,27,,,,,2040,27,,,,
2328,2037,24,,,,,2040,24,,,,
2329,2037,26,,,,,2041,26,,,,
2330,2037,20,,,,,2041,20,,,,
2331,2037,26,,,,,2039,7,2040,26,,
2332,2037,31,,,,,2039,6,2040,31,,
2333,2037,22,,,,,2040,22,,,,
2334,2037,28,,,,,2041,28,,,,
2335,2037,20,,,,,2039,2,2041,20,,
2336,2037,26,,,,,2040,26,,,,
2337,2037,31,,,,,2040,31,,,,
2338,2037,25,,,,,2040,25,,,,
2339,2039,1,2038,6,2037,25,2041,25,,,,
2340,2037,31,,,,,2040,2,2041,29,,
2341,2037,30,,,,,2040,2,2041,28,,
2342,2037,26,,,,,2038,1,2041,26,,
2343,2037,28,,,,,2041,28,,,,
2344,2037,28,,,,,2041,28,,,,
2345,2038,29,,,,,2041,25,,,,
2346,2038,29,,,,,2041,29,,,,
2347,2039,4,2037,22,,,2041,22,,,,
2348,2037,29,,,,,2040,1,2041,28,,
2349,2038,3,2037,24,,,2041,24,,,,
2350,2037,25,,,,,2041,25,,,,
2351,2037,25,,,,,2041,25,,,,
2352,2037,35,,,,,2041,27,,,,
2353,2037,24,,,,,2040,24,,,,
2354,2037,23,,,,,2040,23,,,,
2355,2037,28,,,,,2040,29,,,,
2356,2037,25,,,,,2040,25,,,,
2357,2037,22,,,,,2040,22,,,,
2358,2037,30,,,,,2040,22,,,,
2359,2037,21,,,,,2039,8,2040,24,,
2360,2037,30,,,,,2040,30,,,,
2361,2037,32,,,,,2040,32,,,,
2362,2037,30,,,,,2040,30,,,,
2363,2037,25,,,,,2040,25,,,,
2364,2037,27,,,,,2039,7,2040,27,,
2365,2037,29,,,,,2040,29,,,,
2366,2039,4,2037,29,,,2040,29,,,,
2367,2037,21,,,,,2039,6,2040,21,,
2368,2037,23,,,,,2039,5,2040,23,,
2369,2036,24,,,,,2037,3,2040,25,,
2370,2037,26,,,,,2040,26,,,,
2371,2036,28,,,,,2040,28,,,,
2372,2037,1,2036,24,,,2040,24,,,,
2373,2036,24,,,,,2039,2,2040,23,,
2374,2036,29,,,,,2038,1,2040,30,,
2375,2038,6,2036,26,,,2040,26,,,,
2376,2036,22,,,,,2040,22,,,,
2377,2037,5,2036,28,,,2040,28,,,,
2378,2037,4,2036,32,,,2040,32,,,,
2379,2036,23,,,,,2040,23,,,,
2380,2036,26,,,,,2037,1,2040,26,,
2381,2036,26,,,,,2038,3,2040,26,,
2382,2036,24,,,,,2038,5,2040,24,,
2383,2036,22,,,,,2038,1,2040,22,,
2384,2036,23,,,,,2039,5,2040,23,,
2385,2036,24,,,,,2038,4,2039,2,2040,22
2386,2036,23,,,,,2040,23,,,,
2387,2037,28,,,,,2040,29,,,,
2388,2038,4,2037,25,,,2040,25,,,,
2389,2036,21,,,,,2040,21,,,,
2390,2036,24,,,,,2040,24,,,,
2391,2036,26,,,,,2038,7,2040,26,,
2392,2036,24,,,,,2040,24,,,,
2393,2036,26,,,,,2038,3,2040,26,,
2394,2036,23,,,,,2040,23,,,,
2395,2036,30,,,,,2040,30,,,,
2396,2037,2,2036,21,,,2040,23,,,,
2397,2037,2,2036,23,,,2038,8,2040,25,,
2398,2037,5,2036,27,,,2040,29,,,,
2399,2036,29,,,,,2040,29,,,,
2400,2037,31,,,,,2040,28,,,,
2401,2038,3,2037,30,,,2039,4,2040,30,,
2402,2037,31,,,,,2038,2,2040,31,,
2403,2037,35,,,,,2040,28,,,,
2404,2037,22,,,,,2040,22,,,,
2405,2037,28,,,,,2039,8,2040,28,,
2406,2037,30,,,,,2040,30,,,,
2407,2039,1,2038,5,2037,25,2040,23,,,,
2408,2039,1,2037,2,2036,26,2040,28,,,,
2409,2037,25,,,,,2040,25,,,,
2410,2037,22,,,,,2040,22,,,,
2411,2036,32,,,,,2040,32,,,,
2412,2036,27,,,,,2040,27,,,,
2413,2036,26,,,,,2037,4,2039,2,2040,24
2414,2036,28,,,,,2039,1,2040,27,,
2415,2036,30,,,,,2040,30,,,,
2416,2036,23,,,,,2037,4,2038,1,2039,1
2417,2036,29,,,,,2038,3,2039,1,2040,28
2418,2036,35,,,,,2039,2,2040,28,,
2419,2036,24,,,,,2039,24,,,,
2420,2035,30,,,,,2037,8,2039,30,,
2421,2036,6,2035,32,,,2039,32,,,,
2422,2035,21,,,,,2039,21,,,,
2423,2036,2,2035,26,,,2037,3,2039,28,,
2424,2036,29,,,,,2039,29,,,,
2425,2035,23,,,,,2039,23,,,,
2426,2035,31,,,,,2037,4,2039,31,,
2427,2036,32,,,,,2039,32,,,,
2428,2036,27,,,,,2039,27,,,,
2429,2036,22,,,,,2039,22,,,,
2430,2036,21,,,,,2039,22,,,,
2431,2038,3,2036,21,,,2039,1,2040,20,,
2432,2036,30,,,,,2039,30,,,,
2433,2037,6,2036,32,,,2039,2,2040,30,,
2434,2036,21,,,,,2039,21,,,,
2435,2036,24,,,,,2040,24,,,,
2436,2036,32,,,,,2040,32,,,,
2437,2039,1,2036,30,,,2040,30,,,,
2438,2036,30,,,,,2040,30,,,,
2439,2036,26,,,,,2040,26,,,,
2440,2037,8,2036,31,,,2040,31,,,,
2441,2036,28,,,,,2039,1,2040,28,,
2442,2036,29,,,,,2039,29,,,,
2443,2036,39,,,,,2037,6,2039,32,,
2444,2036,21,,,,,2039,21,,,,
2445,2036,21,,,,,2039,21,,,,
2446,2036,21,,,,,2038,4,2039,21,,
2447,2036,22,,,,,2039,2,2040,20,,
2448,2036,29,,,,,2038,1,2039,29,,
2449,2036,21,,,,,2037,2,2039,1,2040,20
2450,2036,28,,,,,2038,8,2039,28,,
2451,2036,1,2035,20,,,2039,21,,,,
2452,2036,31,,,,,2038,6,2039,32,,
2453,2036,29,,,,,2039,29,,,,
2454,2036,30,,,,,2039,30,,,,
2455,2036,29,,,,,2039,29,,,,
2456,2036,20,,,,,2039,20,,,,
2457,2036,20,,,,,2039,20,,,,
2458,2036,31,,,,,2039,29,,,,
2459,2036,29,,,,,2039,29,,,,
2460,2038,1,2036,31,,,2039,31,,,,
2461,2036,24,,,,,2039,24,,,,
2462,2036,24,,,,,2039,24,,,,
2463,2036,28,,,,,2039,28,,,,
2464,2036,38,,,,,2039,31,,,,
2465,2036,31,,,,,2039,25,,,,
2466,2036,27,,,,,2039,27,,,,
2467,2036,30,,,,,2039,30,,,,
2468,2036,29,,,,,2037,1,2039,2,2040,27
2469,2036,30,,,,,2039,27,,,,
2470,2036,26,,,,,2039,27,,,,
2471,2036,30,,,,,2038,2,2040,30,,
2472,2038,1,2037,2,2036,26,2039,1,2040,25,,
2473,2036,25,,,,,2040,25,,,,
2474,2036,30,,,,,2040,30,,,,
2475,2036,27,,,,,2038,6,2039,27,,
2476,2036,25,,,,,2039,23,,,,
2477,2037,3,2036,32,,,2039,2,2040,30,,
2478,2037,3,2036,23,,,2039,2,2040,21,,
2479,2036,27,,,,,2040,27,,,,
2480,2036,25,,,,,2039,2,2040,23,,
2481,2036,26,,,,,2039,26,,,,
2482,2036,27,,,,,2039,2,2040,21,,
2483,2038,8,2036,25,,,2040,25,,,,
2484,2036,22,,,,,2040,22,,,,
2485,2036,23,,,,,2040,23,,,,
2486,2038,5,2036,28,,,2040,28,,,,
2487,2036,20,,,,,2040,20,,,,
2488,2036,23,,,,,2039,24,,,,
2489,2036,25,,,,,2039,26,,,,
2490,2038,1,2036,22,,,2039,22,,,,
2491,2036,22,,,,,2039,22,,,,
2492,2038,3,2036,24,,,2039,2,2040,22,,
2493,2036,30,,,,,2040,30,,,,
2494,2036,35,,,,,2039,30,,,,
2495,2036,25,,,,,2039,1,2040,24,,
2496,2036,26,,,,,2039,26,,,,
2497,2036,24,,,,,2039,1,2040,23,,
2498,2036,22,,,,,2039,22,,,,
2499,2036,30,,,,,2040,30,,,,
2500,2036,29,,,,,2039,29,,,,
2501,2036,28,,,,,2039,28,,,,
2502,2036,24,,,,,2039,24,,,,
2503,2036,29,,,,,2039,29,,,,
2504,2036,21,,,,,2039,21,,,,
2505,2036,22,,,,,2039,22,,,,
2506,2036,23,,,,,2039,23,,,,
2507,2038,4,2036,28,,,2039,23,,,,
2508,2036,29,,,,,2039,27,,,,
2509,2036,26,,,,,2039,26,,,,
2510,2038,1,2036,28,,,2039,24,,,,
2511,2036,21,,,,,2039,21,,,,
2512,2036,28,,,,,2039,28,,,,
2513,2036,27,,,,,2039,27,,,,
2514,2036,24,,,,,2037,4,2039,24,,
2515,2036,27,,,,,2039,27,,,,
2516,2036,31,,,,,2038,6,2039,31,,
2517,2038,1,2036,27,,,2039,27,,,,
2518,2036,21,,,,,2039,21,,,,
2519,2036,27,,,,,2039,27,,,,
2520,2036,28,,,,,2039,29,,,,
2521,2036,33,,,,,2039,32,,,,
2522,2036,26,,,,,2039,23,,,,
2523,2035,22,,,,,2037,4,2039,22,,
2524,2035,30,,,,,2036,5,2039,30,,
2525,2036,22,,,,,2039,22,,,,
2526,2036,30,,,,,2039,30,,,,
2527,2036,2,2035,23,,,2038,6,2039,25,,
2528,2036,25,,,,,2039,25,,,,
2529,2036,2,2035,24,,,2039,24,,,,
2530,2036,1,2035,20,,,2039,21,,,,
2531,2035,27,,,,,2039,27,,,,
2532,2035,28,,,,,2039,28,,,,
2533,2035,30,,,,,2039,30,,,,
2534,2035,24,,,,,2036,1,2039,24,,
2535,2035,22,,,,,2038,2,2039,20,,
2536,2038,1,2035,30,,,2039,30,,,,
2537,2035,25,,,,,2037,2,2039,25,,
2538,2035,28,,,,,2037,8,2039,28,,
2539,2035,28,,,,,2039,28,,,,
2540,2035,31,,,,,2039,32,,,,
2541,2035,26,,,,,2039,26,,,,
2542,2035,24,,,,,2039,24,,,,
2543,2035,26,,,,,2037,1,2039,26,,
2544,2036,19,,,,,2039,24,,,,
2545,2036,34,,,,,2039,28,,,,
2546,2036,25,,,,,2038,8,2039,25,,
2547,2036,23,,,,,2039,23,,,,
2548,2036,32,,,,,2039,32,,,,
2549,2037,2,2036,27,,,2038,4,2039,27,,
2550,2036,31,,,,,2039,31,,,,
2551,2038,1,2037,6,2036,21,2039,21,,,,
2552,2036,25,,,,,2039,25,,,,
2553,2036,26,,,,,2039,26,,,,
2554,2036,31,,,,,2039,31,,,,
2555,2036,29,,,,,2039,30,,,,
2556,2037,2,2036,38,,,2039,32,,,,
2557,2036,22,,,,,2039,22,,,,
2558,2036,20,,,,,2039,25,,,,
2559,2037,5,2036,33,,,2039,28,,,,
2560,2038,1,2036,22,,,2039,22,,,,
2561,2036,28,,,,,2039,29,,,,
2562,2036,28,,,,,2038,5,2039,28,,
2563,2036,22,,,,,2039,2,2040,20,,
2564,2037,1,2036,26,,,2039,1,2040,25,,
2565,2037,7,2036,26,,,2040,26,,,,
2566,2036,23,,,,,2040,23,,,,
2567,2036,22,,,,,2040,22,,,,
2568,2036,22,,,,,2038,2,2040,22,,
2569,2036,27,,,,,2039,2,2040,25,,
2570,2036,30,,,,,2038,4,2040,30,,
2571,2036,26,,,,,2040,26,,,,
2572,2036,24,,,,,2040,25,,,,
2573,2037,4,2036,28,,,2039,1,2040,27,,
2574,2036,27,,,,,2038,7,2040,27,,
2575,2036,21,,,,,2038,6,2039,1,2040,20
2576,2036,22,,,,,2040,22,,,,
2577,2036,30,,,,,2038,1,2039,2,2040,28
2578,2036,29,,,,,2040,29,,,,
2579,2038,1,2036,23,,,2040,23,,,,
2580,2036,25,,,,,2039,25,,,,
2581,2036,32,,,,,2039,2,2040,30,,
2582,2036,28,,,,,2039,1,2040,27,,
2583,2036,26,,,,,2039,26,,,,
2584,2036,23,,,,,2039,23,,,,
2585,2036,26,,,,,2039,26,,,,
2586,2036,21,,,,,2039,21,,,,
2587,2036,27,,,,,2039,27,,,,
2588,2036,22,,,,,2039,22,,,,
2589,2036,21,,,,,2039,22,,,,
2590,2036,32,,,,,2039,32,,,,
2591,2036,29,,,,,2039,27,,,,
2592,2036,28,,,,,2039,21,,,,
2593,2036,32,,,,,2039,30,,,,
2594,2036,31,,,,,2039,32,,,,
2595,2036,24,,,,,2038,1,2039,24,,
2596,2036,24,,,,,2038,7,2039,24,,
2597,2036,1,2035,24,,,2039,26,,,,
2598,2035,34,,,,,2038,28,,,,
2599,2035,28,,,,,2038,2,2039,26,,
2600,2035,24,,,,,2037,8,2038,24,,
2601,2035,25,,,,,2038,25,,,,
2602,2035,28,,,,,2038,28,,,,
2603,2035,31,,,,,2038,31,,,,
2604,2035,20,,,,,2037,7,2039,20,,
2605,2035,23,,,,,2036,5,2039,23,,
2606,2035,23,,,,,2039,23,,,,
2607,2036,18,,,,,2039,22,,,,
2608,2037,1,2035,30,,,2039,30,,,,
2609,2035,20,,,,,2037,4,2039,20,,
2610,2035,29,,,,,2036,5,2039,29,,
2611,2035,25,,,,,2039,25,,,,
2612,2035,30,,,,,2036,5,2037,3,2039,30
2613,2038,1,2036,7,2035,24,2039,24,,,,
2614,2035,20,,,,,2037,3,2039,21,,
2615,2036,2,2035,29,,,2039,29,,,,
2616,2036,4,2035,25,,,2039,25,,,,
2617,2035,29,,,,,2039,29,,,,
2618,2035,25,,,,,2037,6,2039,25,,
2619,2035,30,,,,,2039,30,,,,
2620,2036,6,2035,26,,,2039,27,,,,
2621,2035,30,,,,,2036,1,2039,30,,
2622,2036,9,2035,26,,,2039,28,,,,
2623,2036,1,2035,25,,,2039,26,,,,
2624,2036,2,2035,25,,,2037,8,2039,27,,
2625,2036,2,2035,28,,,2039,30,,,,
2626,2036,2,2035,23,,,2039,25,,,,
2627,2035,24,,,,,2039,25,,,,
2628,2036,2,2035,22,,,2039,24,,,,
2629,2036,7,2035,31,,,2039,31,,,,
2630,2036,22,,,,,2039,22,,,,
2631,2036,1,2035,22,,,2039,23,,,,
2632,2037,3,2036,1,2035,27,2039,27,,,,
2633,2036,2,2035,21,,,2039,21,,,,
2634,2035,20,,,,,2039,20,,,,
2635,2035,32,,,,,2039,32,,,,
2636,2035,29,,,,,2038,2,2039,22,,
2637,2035,21,,,,,2037,5,2038,1,2039,20
2638,2035,25,,,,,2037,1,2039,25,,
2639,2035,24,,,,,2039,24,,,,
2640,2036,7,2035,21,,,2039,21,,,,
2641,2035,26,,,,,2038,26,,,,
2642,2035,5,2034,26,,,2038,27,,,,
2643,2035,18,,,,,2038,22,,,,
2644,2035,28,,,,,2038,28,,,,
2645,2035,30,,,,,2038,30,,,,
2646,2035,26,,,,,2038,26,,,,
2647,2035,30,,,,,2037,3,2038,30,,
2648,2035,27,,,,,2038,27,,,,
2649,2035,8,2034,26,,,2038,28,,,,
2650,2035,2,2034,20,,,2036,7,2038,22,,
2651,2035,2,2034,30,,,2038,32,,,,
2652,2034,25,,,,,2036,3,2038,25,,
2653,2035,32,,,,,2038,32,,,,
2654,2034,25,,,,,2038,25,,,,
2655,2035,29,,,,,2038,29,,,,
2656,2035,23,,,,,2038,23,,,,
2657,2034,25,,,,,2038,25,,,,
2658,2035,1,2034,29,,,2038,30,,,,
2659,2036,5,2035,20,,,2037,3,2038,20,,
2660,2035,6,2034,26,,,2038,27,,,,
2661,2035,27,,,,,2037,1,2038,27,,
2662,2035,31,,,,,2038,31,,,,
2663,2035,22,,,,,2038,22,,,,
2664,2035,28,,,,,2038,28,,,,
2665,2035,27,,,,,2038,27,,,,
2666,2037,1,2035,30,,,2038,30,,,,
2667,2035,27,,,,,2038,27,,,,
2668,2035,27,,,,,2038,27,,,,
2669,2035,26,,,,,2038,26,,,,
2670,2035,26,,,,,2038,26,,,,
2671,2035,31,,,,,2038,31,,,,
2672,2037,3,2035,30,,,2038,30,,,,
2673,2035,28,,,,,2038,2,2039,21,,
2674,2035,21,,,,,2039,21,,,,
2675,2035,28,,,,,2038,2,2039,26,,
2676,2035,24,,,,,2039,24,,,,
2677,2037,4,2035,28,,,2039,28,,,,
2678,2038,1,2036,5,2035,27,2039,27,,,,
2679,2036,1,2035,30,,,2038,2,2039,31,,
2680,2036,21,,,,,2039,21,,,,
2681,2035,31,,,,,2037,4,2039,31,,
2682,2036,1,2035,28,,,2039,28,,,,
2683,2035,21,,,,,2039,21,,,,
2684,2038,1,2036,2,2035,29,2039,29,,,,
2685,2035,25,,,,,2037,2,2039,26,,
2686,2035,26,,,,,2039,26,,,,
2687,2035,21,,,,,2039,21,,,,
2688,2036,1,2035,21,,,2039,22,,,,
2689,2035,28,,,,,2039,28,,,,
2690,2035,23,,,,,2039,23,,,,
2691,2036,1,2035,24,,,2039,24,,,,
2692,2036,1,2035,30,,,2038,6,2039,31,,
2693,2036,24,,,,,2039,24,,,,
2694,2035,20,,,,,2039,21,,,,
2695,2036,2,2035,30,,,2037,3,2039,32,,
2696,2035,23,,,,,2039,23,,,,
2697,2038,1,2035,27,,,2039,27,,,,
2698,2035,27,,,,,2039,27,,,,
2699,2035,26,,,,,2039,26,,,,
2700,2035,22,,,,,2037,3,2038,1,2039,21
2701,2036,7,2035,31,,,2038,2,2039,29,,
2702,2036,5,2035,21,,,2039,21,,,,
2703,2036,7,2035,25,,,2039,25,,,,
2704,2035,26,,,,,2039,26,,,,
2705,2035,22,,,,,2037,5,2039,22,,
2706,2035,25,,,,,2039,25,,,,
2707,2037,1,2035,27,,,2039,27,,,,
2708,2035,31,,,,,2037,7,2038,31,,
2709,2035,29,,,,,2038,29,,,,
2710,2035,31,,,,,2038,25,,,,
2711,2035,32,,,,,2038,32,,,,
2712,2034,27,,,,,2036,4,2038,27,,
2713,2034,21,,,,,2038,21,,,,
2714,2034,24,,,,,2038,24,,,,
2715,2034,21,,,,,2038,21,,,,
2716,2035,5,2034,25,,,2038,25,,,,
2717,2034,21,,,,,2038,21,,,,
2718,2034,34,,,,,2037,2,2038,27,,
2719,2034,25,,,,,2035,5,2037,25,,
2720,2034,26,,,,,2038,26,,,,
2721,2035,5,2034,29,,,2038,29,,,,
2722,2035,5,2034,32,,,2036,8,2038,32,,
2723,2034,27,,,,,2038,28,,,,
2724,2034,25,,,,,2037,2,2038,23,,
2725,2034,22,,,,,2036,5,2038,22,,
2726,2034,25,,,,,2036,2,2038,25,,
2727,2034,26,,,,,2038,26,,,,
2728,2034,27,,,,,2038,27,,,,
2729,2035,7,2034,31,,,2038,31,,,,
2730,2034,30,,,,,2038,30,,,,
2731,2034,27,,,,,2038,27,,,,
2732,2034,21,,,,,2036,1,2038,21,,
2733,2034,25,,,,,2037,23,,,,
2734,2034,27,,,,,2037,1,2038,26,,
2735,2034,30,,,,,2036,8,2038,30,,
2736,2035,8,2034,22,,,2037,2,2038,20,,
2737,2035,1,2034,21,,,2038,22,,,,
2738,2035,2,2034,23,,,2038,25,,,,
2739,2035,5,2034,21,,,2038,21,,,,
2740,2035,26,,,,,2037,7,2038,26,,
2741,2035,29,,,,,2037,2,2038,29,,
2742,2035,31,,,,,2038,24,,,,
2743,2035,31,,,,,2038,25,,,,
2744,2037,1,2035,26,,,2038,26,,,,
2745,2035,29,,,,,2038,29,,,,
2746,2035,23,,,,,2038,23,,,,
2747,2035,23,,,,,2037,1,2038,23,,
2748,2035,25,,,,,2038,25,,,,
2749,2035,31,,,,,2038,31,,,,
2750,2035,30,,,,,2038,30,,,,
2751,2035,23,,,,,2037,7,2038,23,,
2752,2035,20,,,,,2039,20,,,,
2753,2035,22,,,,,2037,2,2038,22,,
2754,2037,5,2035,21,,,2038,21,,,,
2755,2035,31,,,,,2038,31,,,,
2756,2035,31,,,,,2038,1,2039,30,,
2757,2035,30,,,,,2038,30,,,,
2758,2035,23,,,,,2038,23,,,,
2759,2037,1,2035,22,,,2038,1,2039,21,,
2760,2035,22,,,,,2037,5,2038,22,,
2761,2035,26,,,,,2039,26,,,,
2762,2036,6,2035,31,,,2039,31,,,,
2763,2037,2,2036,2,2035,26,2039,28,,,,
2764,2035,23,,,,,2039,23,,,,
2765,2036,24,,,,,2039,24,,,,
2766,2036,31,,,,,2039,31,,,,
2767,2036,32,,,,,2039,28,,,,
2768,2036,24,,,,,2040,24,,,,
2769,2036,31,,,,,2039,1,2040,30,,
2770,2036,29,,,,,2039,29,,,,
2771,2036,31,,,,,2038,5,2039,31,,
2772,2036,25,,,,,2038,4,2039,25,,
2773,2036,30,,,,,2040,30,,,,
2774,2037,30,,,,,2040,30,,,,
2775,2038,1,2037,2,2036,28,2040,28,,,,
2776,2037,5,2036,25,,,2040,25,,,,
2777,2037,2,2036,22,,,2040,24,,,,
2778,2036,28,,,,,2040,28,,,,
2779,2036,27,,,,,2038,2,2040,27,,
2780,2037,6,2036,25,,,2040,25,,,,
2781,2037,7,2036,30,,,2040,32,,,,
2782,2037,1,2036,21,,,2040,22,,,,
2783,2036,22,,,,,2040,22,,,,
2784,2038,2,2037,28,,,2039,1,2040,28,,
2785,2036,22,,,,,2038,7,2040,22,,
2786,2036,30,,,,,2038,1,2040,30,,
2787,2038,3,2036,31,,,2040,31,,,,
2788,2036,29,,,,,2040,29,,,,
2789,2037,3,2036,20,,,2040,21,,,,
2790,2037,30,,,,,2039,1,2040,30,,
2791,2036,25,,,,,2040,25,,,,
2792,2037,33,,,,,2040,26,,,,
2793,2037,26,,,,,2040,27,,,,
2794,2037,24,,,,,2039,6,2040,24,,
2795,2036,29,,,,,2040,29,,,,
2796,2036,20,,,,,2040,21,,,,
2797,2036,27,,,,,2040,27,,,,
2798,2036,30,,,,,2039,22,,,,
2799,2036,21,,,,,2039,21,,,,
2800,2036,25,,,,,2040,25,,,,
2801,2036,24,,,,,2039,2,2040,22,,
2802,2039,1,2036,20,,,2040,20,,,,
2803,2037,22,,,,,2040,22,,,,
2804,2037,26,,,,,2040,26,,,,
2805,2036,25,,,,,2040,26,,,,
2806,2037,26,,,,,2040,26,,,,
2807,2039,1,2036,28,,,2040,28,,,,
2808,2036,29,,,,,2040,29,,,,
2809,2038,5,2037,8,2036,30,2040,30,,,,
2810,2037,2,2036,28,,,2040,30,,,,
2811,2039,1,2036,29,,,2040,29,,,,
2812,2036,24,,,,,2040,24,,,,
2813,2038,1,2036,24,,,2040,24,,,,
2814,2037,5,2036,26,,,2040,26,,,,
2815,2036,25,,,,,2039,25,,,,
2816,2036,26,,,,,2039,21,,,,
2817,2036,29,,,,,2039,29,,,,
2818,2036,22,,,,,2039,22,,,,
2819,2036,26,,,,,2039,26,,,,
2820,2036,21,,,,,2039,21,,,,
2821,2036,25,,,,,2039,26,,,,
2822,2036,23,,,,,2039,22,,,,
2823,2036,2,2035,29,,,2039,31,,,,
2824,2035,23,,,,,2037,1,2039,23,,
2825,2035,24,,,,,2039,24,,,,
2826,2036,3,2035,27,,,2039,27,,,,
2827,2037,3,2035,22,,,2039,22,,,,
2828,2035,30,,,,,2039,30,,,,
2829,2038,1,2036,27,,,2039,27,,,,
2830,2036,27,,,,,2039,27,,,,
2831,2036,27,,,,,2039,27,,,,
2832,2036,26,,,,,2039,23,,,,
2833,2036,22,,,,,2039,22,,,,
2834,2036,23,,,,,2039,24,,,,
2835,2036,27,,,,,2039,28,,,,
2836,2036,32,,,,,2039,28,,,,
2837,2036,30,,,,,2038,5,2039,30,,
2838,2036,28,,,,,2037,5,2039,1,2040,21
2839,2036,30,,,,,2039,28,,,,
2840,2036,24,,,,,2039,24,,,,
2841,2036,23,,,,,2039,23,,,,
2842,2036,27,,,,,2039,27,,,,
2843,2036,28,,,,,2039,20,,,,
2844,2036,31,,,,,2039,31,,,,
2845,2036,24,,,,,2038,5,2039,24,,
2846,2036,23,,,,,2039,23,,,,
2847,2036,32,,,,,2039,32,,,,
2848,2036,29,,,,,2039,30,,,,
2849,2038,1,2036,26,,,2039,26,,,,
2850,2036,37,,,,,2039,31,,,,
2851,2036,30,,,,,2039,30,,,,
2852,2036,26,,,,,2039,22,,,,
2853,2036,24,,,,,2039,1,2040,23,,
2854,2036,24,,,,,2039,24,,,,
2855,2037,1,2036,28,,,2039,28,,,,
2856,2037,5,2036,26,,,2039,26,,,,
2857,2036,27,,,,,2038,3,2039,28,,
2858,2036,29,,,,,2039,29,,,,
2859,2036,22,,,,,2039,22,,,,
2860,2036,23,,,,,2037,4,2039,23,,
2861,2036,29,,,,,2039,27,,,,
2862,2036,23,,,,,2039,23,,,,
2863,2036,28,,,,,2039,28,,,,
2864,2036,22,,,,,2039,22,,,,
2865,2036,24,,,,,2038,6,2040,24,,
2866,2037,4,2036,30,,,2039,1,2040,29,,
2867,2036,30,,,,,2040,30,,,,
2868,2036,24,,,,,2040,24,,,,
2869,2036,22,,,,,2038,5,2040,22,,
2870,2038,1,2036,25,,,2040,25,,,,
2871,2036,26,,,,,2039,26,,,,
2872,2036,1,2035,27,,,2039,28,,,,
2873,2036,27,,,,,2039,28,,,,
2874,2036,23,,,,,2038,3,2039,23,,
2875,2038,1,2036,22,,,2039,22,,,,
2876,2036,25,,,,,2039,24,,,,
2877,2036,26,,,,,2038,2,2039,26,,
2878,2036,1,2035,27,,,2038,1,2039,28,,
2879,2036,2,2035,29,,,2039,31,,,,
2880,2036,29,,,,,2039,29,,,,
2881,2036,29,,,,,2039,29,,,,
2882,2036,31,,,,,2039,31,,,,
2883,2035,30,,,,,2039,30,,,,
2884,2035,22,,,,,2039,22,,,,
2885,2035,25,,,,,2039,25,,,,
2886,2035,24,,,,,2039,24,,,,
2887,2036,4,2035,28,,,2039,28,,,,
2888,2035,25,,,,,2039,25,,,,
2889,2035,31,,,,,2039,31,,,,
2890,2035,31,,,,,2038,25,,,,
2891,2037,1,2035,29,,,2038,29,,,,
2892,2035,27,,,,,2038,23,,,,
2893,2037,2,2035,29,,,2038,29,,,,
2894,2035,27,,,,,2037,8,2039,27,,
2895,2035,21,,,,,2038,21,,,,
2896,2035,28,,,,,2039,28,,,,
2897,2035,24,,,,,2037,5,2039,24,,
2898,2035,27,,,,,2038,2,2039,25,,
2899,2035,22,,,,,2037,2,2038,22,,
2900,2035,26,,,,,2038,26,,,,
2901,2035,25,,,,,2038,25,,,,
2902,2035,32,,,,,2037,2,2038,32,,
2903,2035,26,,,,,2039,26,,,,
2904,2035,30,,,,,2038,30,,,,
2905,2035,27,,,,,2038,27,,,,
2906,2035,20,,,,,2037,1,2038,20,,
2907,2035,22,,,,,2038,22,,,,
2908,2035,23,,,,,2038,27,,,,
2909,2035,25,,,,,2038,25,,,,
2910,2035,25,,,,,2037,7,2038,25,,
2911,2035,29,,,,,2037,6,2038,29,,
2912,2035,28,,,,,2037,7,2038,28,,
2913,2035,23,,,,,2038,23,,,,
2914,2035,27,,,,,2038,28,,,,
2915,2034,30,,,,,2038,30,,,,
2916,2035,2,2034,27,,,2038,29,,,,
2917,2035,1,2034,30,,,2038,31,,,,
2918,2035,2,2034,29,,,2038,31,,,,
2919,2034,30,,,,,2035,1,2038,30,,
2920,2034,26,,,,,2038,26,,,,
2921,2034,30,,,,,2036,5,2038,30,,
2922,2036,3,2034,31,,,2037,31,,,,
2923,2033,28,,,,,2037,28,,,,
2924,2034,4,2033,22,,,2037,22,,,,
2925,2034,26,,,,,2036,4,2037,26,,
2926,2034,26,,,,,2037,26,,,,
2927,2034,28,,,,,2037,28,,,,
2928,2036,1,2033,24,,,2037,24,,,,
2929,2034,2,2033,29,,,2035,8,2037,31,,
2930,2035,10,2033,22,,,2037,22,,,,
2931,2036,1,2034,1,2033,31,2037,31,,,,
2932,2033,27,,,,,2035,3,2037,27,,
2933,2035,3,2033,32,,,2036,31,,,,
2934,2032,27,,,,,2035,27,,,,
2935,2033,23,,,,,2034,4,2036,28,,
2936,2033,2,2032,24,,,2036,26,,,,
2937,2033,1,2032,26,,,2036,27,,,,
2938,2032,28,,,,,2033,1,2036,28,,
2939,2035,1,2033,2,2032,23,2036,25,,,,
2940,2032,27,,,,,2036,27,,,,
2941,2033,1,2032,21,,,2036,22,,,,
2942,2032,29,,,,,2033,2,2036,29,,
2943,2032,31,,,,,2036,31,,,,
2944,2034,1,2032,29,,,2036,29,,,,
2945,2032,25,,,,,2035,25,,,,
2946,2034,1,2032,22,,,2036,22,,,,
2947,2033,29,,,,,2035,1,2036,29,,
2948,2033,20,,,,,2036,20,,,,
2949,2033,25,,,,,2036,25,,,,
2950,2033,15,,,,,2036,25,,,,
2951,2033,25,,,,,2036,25,,,,
2952,2033,24,,,,,2037,24,,,,
2953,2034,7,2033,32,,,2037,32,,,,
2954,2034,26,,,,,2037,26,,,,
2955,2034,24,,,,,2037,24,,,,
2956,2034,23,,,,,2037,20,,,,
2957,2034,30,,,,,2037,30,,,,
2958,2036,1,2034,31,,,2037,31,,,,
2959,2036,1,2034,23,,,2037,23,,,,
2960,2036,5,2034,27,,,2037,2,2038,25,,
2961,2034,28,,,,,2036,6,2038,28,,
2962,2034,27,,,,,2036,8,2037,27,,
2963,2034,25,,,,,2037,25,,,,
2964,2034,35,,,,,2037,27,,,,
2965,2034,27,,,,,2037,27,,,,
2966,2034,23,,,,,2037,23,,,,
2967,2034,23,,,,,2037,23,,,,
2968,2034,23,,,,,2037,23,,,,
2969,2034,27,,,,,2037,27,,,,
2970,2034,21,,,,,2037,21,,,,
2971,2034,26,,,,,2037,26,,,,
2972,2034,26,,,,,2037,26,,,,
2973,2034,25,,,,,2037,25,,,,
2974,2034,23,,,,,2037,23,,,,
2975,2034,32,,,,,2037,24,,,,
2976,2033,20,,,,,2037,20,,,,
2977,2033,22,,,,,2035,7,2037,22,,
2978,2033,24,,,,,2037,24,,,,
2979,2033,26,,,,,2035,5,2037,26,,
2980,2033,27,,,,,2037,27,,,,
2981,2034,1,2033,21,,,2037,21,,,,
2982,2033,32,,,,,2035,8,2037,32,,
2983,2034,32,,,,,2036,1,2037,32,,
2984,2033,27,,,,,2037,27,,,,
2985,2034,1,2033,21,,,2037,22,,,,
2986,2033,20,,,,,2037,20,,,,
2987,2033,22,,,,,2036,1,2037,21,,
2988,2033,25,,,,,2035,1,2036,25,,
2989,2033,26,,,,,2035,5,2036,26,,
2990,2033,21,,,,,2036,21,,,,
2991,2034,8,2033,25,,,2036,1,2037,24,,
2992,2033,28,,,,,2036,2,2037,26,,
2993,2033,21,,,,,2036,21,,,,
2994,2033,26,,,,,2035,4,2036,27,,
2995,2033,29,,,,,2034,5,2035,4,2036,29
2996,2033,30,,,,,2035,1,2036,31,,
2997,2033,25,,,,,2036,27,,,,
2998,2033,31,,,,,2036,31,,,,
2999,2033,24,,,,,2035,7,2036,24,,
3000,2033,25,,,,,2036,1,2037,24,,
3001,2033,22,,,,,2037,22,,,,
3002,2033,26,,,,,2037,26,,,,
3003,2033,21,,,,,2036,21,,,,
3004,2033,22,,,,,2036,23,,,,
3005,2033,25,,,,,2034,4,2036,25,,
3006,2033,22,,,,,2036,22,,,,
3007,2033,22,,,,,2035,4,2037,22,,
3008,2033,21,,,,,2036,2,2037,20,,
3009,2034,3,2033,21,,,2036,1,2037,20,,
3010,2033,32,,,,,2035,4,2036,2,2037,30
3011,2033,30,,,,,2037,30,,,,
3012,2035,8,2033,23,,,2036,23,,,,
3013,2033,34,,,,,2036,29,,,,
3014,2033,23,,,,,2036,23,,,,
3015,2033,25,,,,,2036,25,,,,
3016,2033,24,,,,,2036,24,,,,
3017,2033,29,,,,,2035,3,2036,29,,
3018,2033,27,,,,,2036,27,,,,
3019,2033,20,,,,,2035,3,2036,20,,
3020,2033,31,,,,,2036,31,,,,
3021,2033,24,,,,,2036,24,,,,
3022,2033,25,,,,,2036,25,,,,
3023,2033,31,,,,,2037,31,,,,
3024,2034,5,2033,23,,,2037,23,,,,
3025,2033,20,,,,,2037,20,,,,
3026,2034,1,2033,26,,,2037,27,,,,
3027,2034,24,,,,,2037,24,,,,
3028,2034,24,,,,,2037,24,,,,
3029,2034,24,,,,,2036,8,2037,24,,
3030,2034,31,,,,,2037,26,,,,
3031,2034,21,,,,,2037,21,,,,
3032,2034,26,,,,,2037,26,,,,
3033,2034,23,,,,,2036,8,2037,23,,
3034,2034,24,,,,,2037,24,,,,
3035,2036,5,2034,26,,,2037,26,,,,
3036,2035,6,2034,23,,,2037,2,2038,21,,
3037,2034,22,,,,,2037,1,2038,21,,
3038,2034,24,,,,,2038,24,,,,
3039,2034,32,,,,,2038,32,,,,
3040,2034,24,,,,,2037,24,,,,
3041,2036,1,2034,30,,,2037,30,,,,
3042,2034,32,,,,,2037,32,,,,
3043,2034,33,,,,,2037,27,,,,
3044,2036,1,2034,31,,,2037,31,,,,
3045,2034,25,,,,,2037,25,,,,
3046,2034,22,,,,,2035,1,2036,1,2037,22
3047,2036,1,2034,29,,,2037,29,,,,
3048,2034,1,2033,22,,,2037,23,,,,
3049,2034,3,2033,27,,,2037,27,,,,
3050,2033,20,,,,,2037,21,,,,
3051,2033,36,,,,,2036,2,2037,29,,
3052,2033,28,,,,,2036,2,2037,26,,
3053,2033,21,,,,,2035,1,2036,21,,
3054,2033,25,,,,,2037,25,,,,
3055,2033,30,,,,,2034,5,2035,1,2037,30
3056,2033,24,,,,,2037,24,,,,
3057,2033,31,,,,,2034,4,2037,32,,
3058,2033,21,,,,,2037,21,,,,
3059,2033,27,,,,,2035,7,2037,27,,
3060,2034,8,2033,22,,,2037,22,,,,
3061,2033,26,,,,,2037,26,,,,
3062,2033,22,,,,,2037,22,,,,
3063,2033,24,,,,,2037,24,,,,
3064,2034,32,,,,,2037,32,,,,
3065,2034,25,,,,,2037,25,,,,
3066,2034,28,,,,,2036,2,2037,28,,
3067,2034,30,,,,,2037,30,,,,
3068,2034,25,,,,,2036,2,2037,25,,
3069,2034,21,,,,,2037,21,,,,
3070,2034,28,,,,,2037,28,,,,
3071,2034,30,,,,,2037,31,,,,
3072,2034,22,,,,,2037,22,,,,
3073,2034,25,,,,,2035,6,2038,25,,
3074,2036,1,2034,25,,,2037,2,2038,23,,
3075,2036,1,2034,23,,,2038,23,,,,
3076,2036,5,2034,22,,,2038,22,,,,
3077,2034,23,,,,,2038,24,,,,
3078,2034,24,,,,,2037,2,2038,22,,
3079,2034,24,,,,,2038,24,,,,
3080,2034,25,,,,,2038,25,,,,
3081,2034,27,,,,,2037,27,,,,
3082,2034,23,,,,,2037,23,,,,
3083,2034,26,,,,,2037,26,,,,
3084,2034,29,,,,,2035,5,2037,21,,
3085,2036,1,2034,20,,,2037,20,,,,
3086,2034,19,,,,,2037,20,,,,
3087,2034,1,2033,26,,,2037,27,,,,
3088,2034,1,2033,22,,,2037,23,,,,
3089,2034,21,,,,,2037,21,,,,
3090,2033,30,,,,,2034,1,2035,2,2037,30
3091,2034,2,2033,30,,,2037,32,,,,
3092,2034,30,,,,,2035,2,2037,22,,
3093,2034,20,,,,,2036,8,2037,20,,
3094,2036,1,2033,22,,,2037,22,,,,
3095,2033,24,,,,,2037,24,,,,
3096,2036,1,2034,1,2033,26,2037,26,,,,
3097,2033,32,,,,,2037,32,,,,
3098,2033,25,,,,,2037,25,,,,
3099,2033,28,,,,,2037,28,,,,
3100,2033,25,,,,,2037,25,,,,
3101,2033,26,,,,,2035,2,2037,26,,
3102,2034,6,2033,27,,,2037,28,,,,
3103,2033,20,,,,,2034,5,2035,7,2037,20
3104,2033,25,,,,,2037,25,,,,
3105,2033,30,,,,,2037,30,,,,
3106,2034,23,,,,,2036,7,2037,23,,
3107,2036,3,2034,25,,,2037,25,,,,
3108,2036,1,2034,33,,,2037,25,,,,
3109,2034,23,,,,,2037,24,,,,
3110,2034,30,,,,,2037,30,,,,
3111,2036,1,2034,32,,,2037,32,,,,
3112,2034,29,,,,,2037,23,,,,
3113,2034,23,,,,,2037,27,,,,
3114,2034,22,,,,,2036,3,2037,22,,
3115,2033,24,,,,,2037,24,,,,
3116,2033,21,,,,,2034,1,2035,3,2037,23
3117,2033,21,,,,,2037,22,,,,
3118,2034,24,,,,,2037,24,,,,
3119,2034,2,2033,28,,,2037,30,,,,
3120,2034,28,,,,,2037,28,,,,
3121,2033,29,,,,,2035,4,2037,30,,
3122,2034,1,2033,27,,,2037,28,,,,
3123,2034,26,,,,,2037,26,,,,
3124,2033,27,,,,,2037,27,,,,
3125,2034,24,,,,,2036,5,2037,25,,
3126,2034,20,,,,,2037,20,,,,
3127,2034,28,,,,,2037,24,,,,
3128,2034,23,,,,,2037,23,,,,
3129,2034,31,,,,,2037,31,,,,
3130,2034,23,,,,,2037,23,,,,
3131,2034,30,,,,,2037,30,,,,
3132,2034,21,,,,,2036,6,2037,21,,
3133,2034,21,,,,,2036,8,2037,21,,
3134,2034,28,,,,,2037,28,,,,
3135,2034,29,,,,,2037,29,,,,
3136,2034,31,,,,,2037,31,,,,
3137,2034,29,,,,,2037,22,,,,
3138,2034,26,,,,,2036,7,2037,26,,
3139,2034,26,,,,,2037,26,,,,
3140,2034,23,,,,,2036,3,2037,23,,
3141,2034,27,,,,,2036,2,2037,27,,
3142,2034,27,,,,,2037,27,,,,
3143,2036,1,2034,35,,,2037,2,2038,28,,
3144,2034,22,,,,,2037,22,,,,
3145,2034,22,,,,,2035,4,2036,2,2037,2
3146,2034,24,,,,,2037,2,2038,22,,
3147,2035,4,2034,31,,,2037,31,,,,
3148,2034,29,,,,,2037,25,,,,
3149,2034,22,,,,,2037,22,,,,
3150,2034,28,,,,,2037,28,,,,
3151,2034,31,,,,,2037,32,,,,
3152,2034,29,,,,,2037,23,,,,
3153,2034,31,,,,,2036,3,2037,31,,
3154,2034,28,,,,,2037,28,,,,
3155,2034,37,,,,,2037,29,,,,
3156,2034,20,,,,,2036,5,2037,20,,
3157,2036,1,2034,26,,,2037,23,,,,
3158,2034,28,,,,,2037,28,,,,
3159,2034,23,,,,,2037,23,,,,
3160,2036,1,2034,36,,,2037,29,,,,
3161,2034,22,,,,,2037,22,,,,
3162,2033,27,,,,,2037,27,,,,
3163,2033,20,,,,,2034,1,2037,20,,
3164,2035,9,2034,8,2033,20,2037,22,,,,
3165,2033,26,,,,,2037,27,,,,
3166,2034,29,,,,,2037,29,,,,
3167,2034,26,,,,,2037,26,,,,
3168,2034,31,,,,,2037,30,,,,
3169,2034,32,,,,,2037,27,,,,
3170,2034,27,,,,,2037,23,,,,
3171,2034,29,,,,,2036,2,2037,30,,
3172,2034,22,,,,,2037,23,,,,
3173,2034,30,,,,,2037,30,,,,
3174,2034,28,,,,,2035,5,2037,29,,
3175,2034,23,,,,,2036,7,2037,23,,
3176,2034,29,,,,,2037,29,,,,
3177,2034,25,,,,,2036,2,2037,25,,
3178,2034,30,,,,,2037,30,,,,
3179,2036,1,2034,22,,,2037,22,,,,
3180,2034,22,,,,,2037,22,,,,
3181,2034,29,,,,,2036,1,2037,29,,
3182,2034,25,,,,,2037,25,,,,
3183,2034,23,,,,,2036,7,2037,23,,
3184,2034,25,,,,,2037,25,,,,
3185,2034,26,,,,,2036,5,2037,2,2038,24
3186,2034,31,,,,,2037,1,2038,30,,
3187,2034,29,,,,,2036,4,2037,1,2038,28
3188,2035,1,2034,29,,,2037,1,2038,28,,
3189,2034,30,,,,,2038,30,,,,
3190,2036,1,2034,23,,,2038,23,,,,
3191,2034,30,,,,,2038,30,,,,
