timestamp,bid_price_1,bid_volume_1,bid_price_2,bid_volume_2,bid_price_3,bid_volume_3,ask_price_1,ask_volume_1,ask_price_2,ask_volume_2,ask_price_3,ask_volume_3
0,4274,104,,,,,4276,104,,,,
1,4275,48,4274,52,,,4276,100,,,,
2,4275,65,4274,98,,,4276,163,,,,
3,4275,53,4274,64,,,4276,117,,,,
4,4274,107,,,,,4275,53,4276,54,,
5,4274,121,,,,,4275,40,4276,81,,
6,4274,117,,,,,4276,117,,,,
7,4274,110,,,,,4275,110,,,,
8,4274,45,4273,66,,,4275,111,,,,
9,4274,63,4273,51,,,4275,114,,,,
10,4274,48,4273,81,,,4275,129,,,,
11,4274,59,4273,80,,,4275,139,,,,
12,4273,144,,,,,4275,144,,,,
13,4273,132,,,,,4275,132,,,,
14,4273,141,,,,,4275,141,,,,
15,4273,105,,,,,4274,43,4275,62,,
16,4273,125,,,,,4275,125,,,,
17,4274,144,,,,,4275,144,,,,
18,4274,162,,,,,4275,162,,,,
19,4274,48,4273,100,,,4275,148,,,,
20,4274,60,4273,98,,,4275,158,,,,
21,4273,109,,,,,4275,109,,,,
22,4273,98,,,,,4275,98,,,,
23,4273,141,,,,,4274,41,4275,100,,
24,4273,100,,,,,4274,51,4275,56,,
25,4273,155,,,,,4275,155,,,,
26,4274,137,,,,,4275,137,,,,
27,4274,119,,,,,4275,119,,,,
28,4274,42,4273,77,,,4275,119,,,,
29,4274,149,,,,,4275,149,,,,
30,4274,126,,,,,4275,126,,,,
31,4274,129,,,,,4276,129,,,,
32,4274,99,,,,,4275,99,,,,
33,4274,117,,,,,4275,117,,,,
34,4274,125,,,,,4275,125,,,,
35,4274,100,,,,,4275,100,,,,
36,4274,35,4273,67,,,4275,102,,,,
37,4274,65,4273,89,,,4275,154,,,,
38,4274,35,4273,91,,,4275,126,,,,
39,4273,132,,,,,4275,132,,,,
40,4273,102,,,,,4275,102,,,,
41,4273,120,,,,,4274,120,,,,
42,4273,49,4272,87,,,4274,136,,,,
43,4273,47,4272,68,,,4274,115,,,,
44,4273,122,,,,,4274,122,,,,
45,4273,4,4272,141,,,4274,141,,,,
46,4273,46,4272,64,,,4274,110,,,,
47,4271,129,,,,,4272,63,4273,66,,
48,4271,138,,,,,4272,58,4273,80,,
49,4271,117,,,,,4272,121,,,,
50,4271,111,,,,,4272,111,,,,
51,4271,52,4270,55,,,4272,107,,,,
52,4271,51,4270,73,,,4272,124,,,,
53,4271,54,4270,90,,,4272,144,,,,
54,4271,149,,,,,4272,50,4273,99,,
55,4271,136,,,,,4272,136,,,,
56,4271,147,,,,,4272,147,,,,
57,4271,50,4270,75,,,4272,125,,,,
58,4271,141,,,,,4272,141,,,,
59,4271,112,,,,,4272,112,,,,
60,4271,55,4270,84,,,4272,139,,,,
61,4271,125,,,,,4272,46,4273,79,,
62,4271,135,,,,,4272,52,4273,83,,
63,4271,103,,,,,4272,4,4273,103,,
64,4271,140,,,,,4272,61,4273,79,,
65,4271,98,,,,,4272,35,4273,63,,
66,4271,55,4270,81,,,4272,136,,,,
67,4271,135,,,,,4272,135,,,,
68,4271,109,,,,,4272,109,,,,
69,4271,106,,,,,4272,97,,,,
70,4271,51,4270,73,,,4272,124,,,,
71,4271,142,,,,,4272,142,,,,
72,4271,54,4270,69,,,4272,123,,,,
73,4270,157,,,,,4272,157,,,,
74,4270,138,,,,,4272,138,,,,
75,4270,106,,,,,4271,51,4272,55,,
76,4270,141,,,,,4271,61,4272,89,,
77,4270,129,,,,,4272,129,,,,
78,4270,118,,,,,4271,62,4272,56,,
79,4270,110,,,,,4271,36,4272,74,,
80,4270,111,,,,,4271,46,4272,65,,
81,4270,137,,,,,4271,57,4272,80,,
82,4270,157,,,,,4272,157,,,,
83,4270,137,,,,,4271,57,4272,80,,
84,4270,94,,,,,4271,43,4272,51,,
85,4270,128,,,,,4271,59,4272,69,,
86,4270,104,,,,,4271,36,4272,68,,
87,4270,126,,,,,4271,126,,,,
88,4270,111,,,,,4271,111,,,,
89,4270,137,,,,,4271,137,,,,
90,4270,128,,,,,4271,128,,,,
91,4270,102,,,,,4271,102,,,,
92,4270,161,,,,,4271,63,4272,98,,
93,4270,155,,,,,4271,61,4272,94,,
94,4270,153,,,,,4271,153,,,,
95,4270,119,,,,,4271,51,4272,63,,
96,4270,125,,,,,4271,64,4272,61,,
97,4270,135,,,,,4271,135,,,,
98,4270,126,,,,,4271,126,,,,
99,4270,132,,,,,4271,132,,,,
100,4270,152,,,,,4271,64,4272,88,,
101,4270,113,,,,,4271,113,,,,
102,4270,151,,,,,4271,151,,,,
103,4270,113,,,,,4271,113,,,,
104,4270,118,,,,,4272,118,,,,
105,4270,121,,,,,4272,121,,,,
106,4270,131,,,,,4271,131,,,,
107,4270,124,,,,,4271,59,4272,65,,
108,4270,146,,,,,4271,57,4272,89,,
109,4270,138,,,,,4271,41,4272,97,,
110,4270,128,,,,,4271,128,,,,
111,4270,65,4269,50,,,4271,115,,,,
112,4270,45,4269,72,,,4271,117,,,,
113,4270,49,4269,80,,,4271,129,,,,
114,4270,36,4269,59,,,4271,95,,,,
115,4269,95,,,,,4271,95,,,,
116,4269,132,,,,,4270,48,4271,84,,
117,4269,122,,,,,4270,61,4271,61,,
118,4269,115,,,,,4270,57,4271,58,,
119,4269,137,,,,,4270,41,4271,96,,
120,4269,135,,,,,4271,135,,,,
121,4269,140,,,,,4271,140,,,,
122,4269,124,,,,,4271,124,,,,
123,4269,121,,,,,4270,53,4271,68,,
124,4269,139,,,,,4270,139,,,,
125,4269,48,4268,96,,,4270,144,,,,
126,4267,135,,,,,4268,135,,,,
127,4267,110,,,,,4268,120,,,,
128,4268,39,4267,59,,,4269,98,,,,
129,4268,36,4267,81,,,4269,117,,,,
130,4268,50,4267,78,,,4269,128,,,,
131,4268,44,4267,76,,,4269,120,,,,
132,4268,35,4267,62,,,4269,97,,,,
133,4267,125,,,,,4269,125,,,,
134,4268,62,4267,99,,,4269,161,,,,
135,4267,122,,,,,4269,122,,,,
136,4267,109,,,,,4269,109,,,,
137,4267,126,,,,,4268,46,4269,80,,
138,4267,115,,,,,4269,115,,,,
139,4267,148,,,,,4269,148,,,,
140,4267,139,,,,,4268,53,4269,86,,
141,4268,56,4267,55,,,4269,111,,,,
142,4267,155,,,,,4269,155,,,,
143,4268,100,,,,,4269,100,,,,
144,4267,132,,,,,4269,132,,,,
145,4267,109,,,,,4269,109,,,,
146,4267,140,,,,,4268,58,4269,82,,
147,4267,146,,,,,4268,50,4269,96,,
148,4267,95,,,,,4268,37,4269,58,,
149,4267,134,,,,,4268,134,,,,
150,4267,142,,,,,4268,142,,,,
151,4267,152,,,,,4268,152,,,,
152,4267,137,,,,,4268,137,,,,
153,4267,130,,,,,4268,130,,,,
154,4267,138,,,,,4268,138,,,,
155,4267,96,,,,,4268,96,,,,
156,4268,103,,,,,4269,103,,,,
157,4268,53,4267,53,,,4269,106,,,,
158,4268,52,4267,98,,,4269,150,,,,
159,4268,134,,,,,4269,134,,,,
160,4268,61,4267,86,,,4269,147,,,,
161,4268,150,,,,,4269,150,,,,
162,4268,140,,,,,4269,140,,,,
163,4268,112,,,,,4269,112,,,,
164,4268,93,,,,,4269,93,,,,
165,4268,38,4267,66,,,4269,104,,,,
166,4267,147,,,,,4269,147,,,,
167,4267,124,,,,,4269,124,,,,
168,4267,127,,,,,4268,127,,,,
169,4267,96,,,,,4268,96,,,,
170,4267,122,,,,,4268,122,,,,
171,4267,137,,,,,4268,63,4269,74,,
172,4267,134,,,,,4269,134,,,,
173,4268,44,4267,89,,,4269,133,,,,
174,4268,138,,,,,4269,134,,,,
175,4268,115,,,,,4269,59,4270,56,,
176,4268,133,,,,,4269,61,4270,72,,
177,4269,148,,,,,4270,148,,,,
178,4268,102,,,,,4270,102,,,,
179,4269,117,,,,,4270,117,,,,
180,4269,95,,,,,4270,95,,,,
181,4270,134,,,,,4271,46,4272,88,,
182,4270,135,,,,,4271,135,,,,
183,4270,158,,,,,4271,158,,,,
184,4270,44,4269,92,,,4271,136,,,,
185,4270,134,,,,,4271,143,,,,
186,4269,122,,,,,4270,50,4271,72,,
187,4269,135,,,,,4270,135,,,,
188,4269,127,,,,,4270,127,,,,
189,4269,116,,,,,4270,116,,,,
190,4269,115,,,,,4270,115,,,,
191,4269,128,,,,,4270,119,,,,
192,4269,134,,,,,4270,134,,,,
193,4269,38,4268,92,,,4270,130,,,,
194,4268,155,,,,,4270,155,,,,
195,4268,117,,,,,4269,55,4270,68,,
196,4268,142,,,,,4270,142,,,,
197,4269,119,,,,,4270,119,,,,
198,4269,105,,,,,4270,105,,,,
199,4269,117,,,,,4270,6,4271,117,,
200,4270,148,,,,,4271,148,,,,
201,4270,94,,,,,4271,39,4272,55,,
202,4271,63,4270,80,,,4272,143,,,,
203,4270,111,,,,,4272,111,,,,
204,4270,131,,,,,4271,131,,,,
205,4269,131,,,,,4271,131,,,,
206,4269,118,,,,,4271,118,,,,
207,4270,48,4269,67,,,4271,115,,,,
208,4270,119,,,,,4271,113,,,,
209,4270,140,,,,,4271,140,,,,
210,4270,98,,,,,4271,98,,,,
211,4271,43,4270,95,,,4272,138,,,,
212,4270,137,,,,,4271,137,,,,
213,4270,124,,,,,4271,39,4272,85,,
214,4270,61,4269,56,,,4271,117,,,,
215,4270,115,,,,,4271,107,,,,
216,4269,135,,,,,4271,135,,,,
217,4269,142,,,,,4271,142,,,,
218,4269,156,,,,,4271,156,,,,
219,4269,157,,,,,4270,65,4271,92,,
220,4270,145,,,,,4271,145,,,,
221,4270,92,,,,,4271,38,4272,54,,
222,4271,37,4270,82,,,4272,119,,,,
223,4272,45,4271,86,,,4273,131,,,,
224,4271,123,,,,,4273,123,,,,
225,4271,122,,,,,4273,122,,,,
226,4271,122,,,,,4272,122,,,,
227,4270,141,,,,,4272,141,,,,
228,4270,102,,,,,4272,102,,,,
229,4270,114,,,,,4272,114,,,,
230,4270,121,,,,,4272,121,,,,
231,4271,57,4270,100,,,4272,157,,,,
232,4271,137,,,,,4272,58,4273,79,,
233,4271,135,,,,,4272,50,4273,85,,
234,4271,116,,,,,4272,116,,,,
235,4271,99,,,,,4272,46,4273,53,,
236,4271,132,,,,,4272,63,4273,69,,
237,4271,140,,,,,4272,63,4273,77,,
238,4271,119,,,,,4273,119,,,,
239,4272,150,,,,,4273,145,,,,
240,4272,35,4271,64,,,4273,99,,,,
241,4272,35,4271,76,,,4273,111,,,,
242,4271,132,,,,,4273,132,,,,
243,4271,146,,,,,4272,51,4273,95,,
244,4271,142,,,,,4273,142,,,,
245,4271,112,,,,,4272,49,4273,63,,
246,4271,124,,,,,4272,51,4273,73,,
247,4271,109,,,,,4272,50,4273,59,,
248,4271,134,,,,,4272,134,,,,
249,4271,125,,,,,4272,125,,,,
250,4271,103,,,,,4272,35,4273,68,,
251,4270,142,,,,,4271,47,4272,100,,
252,4271,106,,,,,4272,54,4273,52,,
253,4271,125,,,,,4272,125,,,,
254,4271,111,,,,,4272,53,4273,58,,
255,4271,110,,,,,4272,58,4273,52,,
256,4271,117,,,,,4273,117,,,,
257,4271,149,,,,,4273,149,,,,
258,4271,139,,,,,4273,139,,,,
259,4272,10,4271,105,,,4273,105,,,,
260,4271,145,,,,,4273,145,,,,
261,4271,131,,,,,4273,131,,,,
262,4271,111,,,,,4273,111,,,,
263,4272,138,,,,,4273,138,,,,
264,4271,110,,,,,4273,110,,,,
265,4271,154,,,,,4273,154,,,,
266,4272,58,4271,52,,,4273,110,,,,
267,4272,52,4271,67,,,4273,119,,,,
268,4272,124,,,,,4273,65,4274,59,,
269,4272,98,,,,,4273,40,4274,58,,
270,4272,138,,,,,4273,65,4274,73,,
271,4272,137,,,,,4273,48,4274,89,,
272,4272,129,,,,,4274,129,,,,
273,4273,100,,,,,4274,100,,,,
274,4274,52,4273,60,,,4275,112,,,,
275,4274,130,,,,,4275,35,4276,95,,
276,4274,39,4273,71,,,4275,110,,,,
277,4273,117,,,,,4275,117,,,,
278,4273,135,,,,,4275,135,,,,
279,4273,103,,,,,4274,41,4275,62,,
280,4273,140,,,,,4274,48,4275,92,,
281,4273,128,,,,,4274,128,,,,
282,4273,102,,,,,4274,44,4275,58,,
283,4272,137,,,,,4274,137,,,,
284,4272,142,,,,,4274,142,,,,
285,4272,139,,,,,4273,65,4274,74,,
286,4272,90,,,,,4274,90,,,,
287,4272,94,,,,,4274,94,,,,
288,4272,141,,,,,4274,141,,,,
289,4272,132,,,,,4273,39,4274,93,,
290,4272,119,,,,,4273,56,4274,63,,
291,4272,149,,,,,4273,149,,,,
292,4272,144,,,,,4273,144,,,,
293,4272,93,,,,,4273,93,,,,
294,4272,99,,,,,4273,99,,,,
295,4272,130,,,,,4273,130,,,,
296,4272,137,,,,,4273,137,,,,
297,4271,117,,,,,4273,117,,,,
298,4272,51,4271,74,,,4273,125,,,,
299,4272,146,,,,,4273,146,,,,
300,4272,123,,,,,4273,123,,,,
301,4272,41,4271,68,,,4273,109,,,,
302,4271,98,,,,,4273,98,,,,
303,4272,127,,,,,4273,127,,,,
304,4272,121,,,,,4273,121,,,,
305,4272,108,,,,,4273,108,,,,
306,4273,57,4272,94,,,4274,151,,,,
307,4273,126,,,,,4274,126,,,,
308,4273,122,,,,,4274,122,,,,
309,4274,56,4273,67,,,4275,123,,,,
310,4274,129,,,,,4276,129,,,,
311,4275,122,,,,,4276,122,,,,
312,4275,133,,,,,4276,65,4277,68,,
313,4275,120,,,,,4277,120,,,,
314,4275,134,,,,,4276,40,4277,94,,
315,4275,134,,,,,4277,134,,,,
316,4276,140,,,,,4278,140,,,,
317,4277,112,,,,,4278,112,,,,
318,4277,97,,,,,4278,97,,,,
319,4276,122,,,,,4277,51,4278,71,,
320,4276,153,,,,,4277,53,4278,100,,
321,4276,138,,,,,4277,65,4278,73,,
322,4276,104,,,,,4278,104,,,,
323,4276,132,,,,,4278,132,,,,
324,4276,151,,,,,4277,63,4278,88,,
325,4276,139,,,,,4278,139,,,,
326,4277,49,4276,82,,,4278,131,,,,
327,4276,155,,,,,4278,155,,,,
328,4277,52,4276,95,,,4278,147,,,,
329,4276,140,,,,,4277,7,4278,140,,
330,4276,137,,,,,4277,49,4278,88,,
331,4276,121,,,,,4277,41,4278,80,,
332,4276,130,,,,,4278,130,,,,
333,4276,104,,,,,4278,104,,,,
334,4276,130,,,,,4277,40,4278,90,,
335,4276,37,4275,76,,,4277,113,,,,
336,4276,124,,,,,4277,124,,,,
337,4276,91,,,,,4278,91,,,,
338,4276,153,,,,,4277,60,4278,93,,
339,4276,160,,,,,4278,160,,,,
340,4276,114,,,,,4277,51,4278,63,,
341,4276,112,,,,,4277,47,4278,65,,
342,4276,155,,,,,4277,155,,,,
343,4276,152,,,,,4277,63,4278,89,,
344,4276,158,,,,,4277,158,,,,
345,4276,126,,,,,4277,126,,,,
346,4276,102,,,,,4278,102,,,,
347,4276,135,,,,,4278,135,,,,
348,4276,151,,,,,4277,62,4278,89,,
349,4276,92,,,,,4278,92,,,,
350,4277,145,,,,,4278,145,,,,
351,4277,108,,,,,4278,47,4279,61,,
352,4277,69,4276,76,,,4278,135,,,,
353,4277,128,,,,,4278,128,,,,
354,4276,156,,,,,4278,156,,,,
355,4276,100,,,,,4277,45,4278,55,,
356,4276,103,,,,,4278,103,,,,
357,4276,108,,,,,4277,108,,,,
358,4276,91,,,,,4277,37,4278,54,,
359,4276,110,,,,,4277,59,4278,51,,
360,4276,137,,,,,4277,49,4278,88,,
361,4276,107,,,,,4277,54,4278,53,,
362,4276,143,,,,,4278,143,,,,
363,4276,112,,,,,4277,35,4278,77,,
364,4276,129,,,,,4277,50,4278,79,,
365,4276,101,,,,,4277,51,4278,50,,
366,4276,140,,,,,4277,42,4278,98,,
367,4276,107,,,,,4277,46,4278,61,,
368,4276,121,,,,,4278,121,,,,
369,4277,58,4276,97,,,4278,155,,,,
370,4277,56,4276,63,,,4278,119,,,,
371,4276,148,,,,,4277,148,,,,
372,4276,131,,,,,4277,62,4278,69,,
373,4276,113,,,,,4277,113,,,,
374,4276,135,,,,,4277,135,,,,
375,4276,153,,,,,4277,64,4278,89,,
376,4277,6,4276,120,,,4278,120,,,,
377,4276,142,,,,,4277,51,4278,91,,
378,4276,150,,,,,4277,52,4278,92,,
379,4276,115,,,,,4277,56,4278,59,,
380,4276,130,,,,,4278,130,,,,
381,4276,143,,,,,4277,43,4278,100,,
382,4276,113,,,,,4277,63,4278,50,,
383,4276,90,,,,,4277,37,4278,53,,
384,4276,126,,,,,4277,62,4278,64,,
385,4275,121,,,,,4276,121,,,,
386,4275,99,,,,,4276,99,,,,
387,4275,133,,,,,4276,64,4277,69,,
388,4275,129,,,,,4276,45,4277,84,,
389,4275,121,,,,,4276,121,,,,
390,4274,144,,,,,4275,144,,,,
391,4274,115,,,,,4276,115,,,,
392,4274,111,,,,,4276,111,,,,
393,4274,125,,,,,4276,125,,,,
394,4274,125,,,,,4276,125,,,,
395,4275,138,,,,,4276,63,4277,75,,
396,4275,119,,,,,4277,119,,,,
397,4276,48,4275,89,,,4277,137,,,,
398,4275,103,,,,,4276,103,,,,
399,4276,43,4275,73,,,4277,116,,,,
400,4276,161,,,,,4277,161,,,,
401,4276,158,,,,,4277,158,,,,
402,4276,137,,,,,4277,55,4278,82,,
403,4276,142,,,,,4277,142,,,,
404,4276,118,,,,,4277,118,,,,
405,4276,135,,,,,4277,135,,,,
406,4276,121,,,,,4277,121,,,,
407,4276,105,,,,,4277,42,4278,63,,
408,4276,147,,,,,4277,65,4278,82,,
409,4276,136,,,,,4277,64,4278,72,,
410,4276,116,,,,,4277,116,,,,
411,4276,105,,,,,4277,105,,,,
412,4276,143,,,,,4277,143,,,,
413,4276,127,,,,,4277,127,,,,
414,4277,36,4276,84,,,4278,120,,,,
415,4276,123,,,,,4278,123,,,,
416,4277,64,4276,52,,,4278,116,,,,
417,4276,116,,,,,4278,116,,,,
418,4277,5,4276,139,,,4278,139,,,,
419,4276,151,,,,,4278,151,,,,
420,4276,153,,,,,4278,153,,,,
421,4276,152,,,,,4278,152,,,,
422,4276,94,,,,,4278,94,,,,
423,4276,137,,,,,4278,137,,,,
424,4277,121,,,,,4278,121,,,,
425,4277,64,4276,74,,,4278,138,,,,
426,4277,33,4276,81,,,4278,118,,,,
427,4277,36,4276,84,,,4278,120,,,,
428,4276,164,,,,,4277,55,4278,99,,
429,4276,152,,,,,4277,152,,,,
430,4275,86,,,,,4277,86,,,,
431,4275,124,,,,,4276,124,,,,
432,4275,123,,,,,4276,123,,,,
433,4275,122,,,,,4276,64,4277,58,,
434,4275,112,,,,,4276,112,,,,
435,4275,139,,,,,4276,139,,,,
436,4275,116,,,,,4276,116,,,,
437,4275,97,,,,,4276,40,4277,57,,
438,4275,143,,,,,4276,143,,,,
439,4275,51,4274,89,,,4276,140,,,,
440,4273,105,,,,,4275,105,,,,
441,4274,60,4273,71,,,4275,131,,,,
442,4274,39,4273,69,,,4275,108,,,,
443,4273,143,,,,,4275,143,,,,
444,4273,125,,,,,4274,125,,,,
445,4273,91,,,,,4274,91,,,,
446,4273,137,,,,,4274,137,,,,
447,4273,126,,,,,4274,126,,,,
448,4273,116,,,,,4274,116,,,,
449,4273,128,,,,,4274,128,,,,
450,4272,148,,,,,4273,63,4274,85,,
451,4272,100,,,,,4274,100,,,,
452,4272,122,,,,,4274,122,,,,
453,4272,148,,,,,4274,148,,,,
454,4273,154,,,,,4274,154,,,,
455,4273,145,,,,,4274,145,,,,
456,4273,142,,,,,4275,142,,,,
457,4273,102,,,,,4275,102,,,,
458,4273,141,,,,,4274,141,,,,
459,4273,42,4272,97,,,4274,139,,,,
460,4273,56,4272,100,,,4274,156,,,,
461,4272,144,,,,,4274,144,,,,
462,4272,138,,,,,4274,138,,,,
463,4272,126,,,,,4274,126,,,,
464,4273,54,4272,55,,,4274,109,,,,
465,4272,149,,,,,4274,149,,,,
466,4274,56,4273,80,,,4275,128,,,,
467,4273,117,,,,,4275,117,,,,
468,4273,129,,,,,4275,129,,,,
469,4273,147,,,,,4275,147,,,,
470,4273,124,,,,,4275,124,,,,
471,4273,115,,,,,4274,36,4275,79,,
472,4273,117,,,,,4274,43,4275,74,,
473,4273,118,,,,,4275,118,,,,
474,4273,147,,,,,4274,147,,,,
475,4273,120,,,,,4274,120,,,,
476,4273,154,,,,,4274,154,,,,
477,4273,131,,,,,4274,131,,,,
478,4273,112,,,,,4274,112,,,,
479,4273,55,4272,76,,,4274,131,,,,
480,4273,105,,,,,4274,105,,,,
481,4272,110,,,,,4274,110,,,,
482,4272,96,,,,,4274,96,,,,
483,4272,142,,,,,4273,142,,,,
484,4272,115,,,,,4273,115,,,,
485,4271,112,,,,,4273,112,,,,
486,4272,48,4271,58,,,4273,106,,,,
487,4272,57,4271,82,,,4273,139,,,,
488,4271,154,,,,,4273,154,,,,
489,4272,49,4271,90,,,4273,139,,,,
490,4271,146,,,,,4273,146,,,,
491,4271,126,,,,,4272,57,4273,69,,
492,4271,94,,,,,4272,36,4273,58,,
493,4271,118,,,,,4272,40,4273,78,,
494,4271,115,,,,,4272,51,4273,64,,
495,4272,120,,,,,4273,120,,,,
496,4272,132,,,,,4273,132,,,,
497,4272,136,,,,,4273,136,,,,
498,4272,49,4271,86,,,4273,135,,,,
499,4272,57,4271,56,,,4273,113,,,,
500,4271,143,,,,,4272,44,4273,99,,
501,4272,61,4271,66,,,4273,127,,,,
502,4272,55,4271,67,,,4273,122,,,,
503,4271,107,,,,,4272,107,,,,
504,4271,36,4270,76,,,4272,112,,,,
505,4271,109,,,,,4272,109,,,,
506,4271,61,4270,79,,,4272,140,,,,
507,4271,91,,,,,4272,91,,,,
508,4271,126,,,,,4272,126,,,,
509,4271,95,,,,,4272,38,4273,57,,
510,4271,156,,,,,4272,61,4273,95,,
511,4271,135,,,,,4273,135,,,,
512,4272,125,,,,,4274,125,,,,
513,4273,122,,,,,4274,54,4275,68,,
514,4273,145,,,,,4275,145,,,,
515,4274,121,,,,,4275,114,,,,
516,4274,52,4273,80,,,4275,132,,,,
517,4273,120,,,,,4275,120,,,,
518,4273,114,,,,,4275,114,,,,
519,4273,127,,,,,4274,127,,,,
520,4272,100,,,,,4273,42,4274,58,,
521,4272,149,,,,,4274,149,,,,
522,4272,112,,,,,4273,112,,,,
523,4272,113,,,,,4273,113,,,,
524,4272,117,,,,,4273,117,,,,
525,4272,36,4271,63,,,4273,99,,,,
526,4272,36,4271,87,,,4273,123,,,,
527,4271,123,,,,,4273,123,,,,
528,4271,126,,,,,4272,53,4273,73,,
529,4271,91,,,,,4273,91,,,,
530,4271,109,,,,,4273,109,,,,
531,4271,109,,,,,4272,59,4273,50,,
532,4271,116,,,,,4272,116,,,,
533,4271,56,4270,86,,,4272,142,,,,
534,4271,138,,,,,4272,138,,,,
535,4271,136,,,,,4272,136,,,,
536,4271,51,4270,64,,,4272,115,,,,
537,4271,122,,,,,4272,122,,,,
538,4271,132,,,,,4272,132,,,,
539,4271,133,,,,,4272,133,,,,
540,4270,104,,,,,4272,104,,,,
541,4271,111,,,,,4272,111,,,,
542,4271,104,,,,,4272,95,,,,
543,4272,120,,,,,4273,120,,,,
544,4272,132,,,,,4273,4,4274,132,,
545,4273,117,,,,,4274,117,,,,
546,4273,119,,,,,4274,113,,,,
547,4273,129,,,,,4274,129,,,,
548,4273,122,,,,,4274,38,4275,84,,
549,4273,150,,,,,4274,150,,,,
550,4273,108,,,,,4274,108,,,,
551,4273,60,4272,76,,,4274,136,,,,
552,4273,53,4272,53,,,4274,106,,,,
553,4273,41,4272,95,,,4274,136,,,,
554,4272,127,,,,,4274,127,,,,
555,4273,51,4272,52,,,4274,103,,,,
556,4272,118,,,,,4274,118,,,,
557,4273,59,4272,98,,,4274,157,,,,
558,4273,127,,,,,4274,65,4275,62,,
559,4273,131,,,,,4274,131,,,,
560,4273,114,,,,,4274,114,,,,
561,4272,124,,,,,4274,124,,,,
562,4272,123,,,,,4274,123,,,,
563,4273,111,,,,,4274,111,,,,
564,4273,123,,,,,4274,123,,,,
565,4273,128,,,,,4274,128,,,,
566,4273,112,,,,,4274,112,,,,
567,4273,139,,,,,4274,139,,,,
568,4273,157,,,,,4274,157,,,,
569,4273,113,,,,,4274,113,,,,
570,4273,52,4272,55,,,4274,107,,,,
571,4273,101,,,,,4274,101,,,,
572,4273,121,,,,,4274,121,,,,
573,4273,147,,,,,4274,47,4275,100,,
574,4273,98,,,,,4274,98,,,,
575,4273,130,,,,,4274,130,,,,
576,4273,136,,,,,4274,61,4275,75,,
577,4273,116,,,,,4274,116,,,,
578,4273,145,,,,,4274,145,,,,
579,4273,106,,,,,4274,106,,,,
580,4272,135,,,,,4274,135,,,,
581,4272,108,,,,,4273,108,,,,
582,4271,106,,,,,4273,106,,,,
583,4271,117,,,,,4273,117,,,,
584,4271,131,,,,,4273,131,,,,
585,4271,126,,,,,4272,54,4273,72,,
586,4271,136,,,,,4273,136,,,,
587,4271,159,,,,,4273,159,,,,
588,4271,140,,,,,4273,140,,,,
589,4271,145,,,,,4272,53,4273,92,,
590,4271,143,,,,,4272,65,4273,78,,
591,4271,86,,,,,4272,86,,,,
592,4271,115,,,,,4272,39,4273,69,,
593,4271,143,,,,,4273,143,,,,
594,4271,100,,,,,4273,100,,,,
595,4271,133,,,,,4273,133,,,,
596,4272,61,4271,96,,,4273,157,,,,
597,4272,46,4271,81,,,4273,127,,,,
598,4272,58,4271,81,,,4273,139,,,,
599,4272,154,,,,,4273,154,,,,
600,4272,57,4271,56,,,4273,113,,,,
601,4272,58,4271,87,,,4273,145,,,,
602,4272,142,,,,,4273,142,,,,
603,4272,98,,,,,4273,98,,,,
604,4273,57,4272,53,,,4274,110,,,,
605,4272,120,,,,,4273,51,4274,69,,
606,4272,111,,,,,4273,42,4274,69,,
607,4272,128,,,,,4274,128,,,,
608,4273,56,4272,87,,,4274,143,,,,
609,4273,141,,,,,4275,141,,,,
610,4274,115,,,,,4275,115,,,,
611,4274,107,,,,,4275,36,4276,71,,
612,4274,95,,,,,4275,37,4276,58,,
613,4274,139,,,,,4275,139,,,,
614,4274,42,4273,87,,,4275,129,,,,
615,4273,125,,,,,4274,52,4275,73,,
616,4273,48,4272,70,,,4274,118,,,,
617,4272,110,,,,,4274,110,,,,
618,4273,59,4272,91,,,4274,150,,,,
619,4273,109,,,,,4274,53,4275,56,,
620,4274,35,4273,94,,,4275,129,,,,
621,4274,59,4273,51,,,4275,110,,,,
622,4274,60,4273,57,,,4275,117,,,,
623,4273,153,,,,,4274,153,,,,
624,4273,129,,,,,4274,129,,,,
625,4273,146,,,,,4274,146,,,,
626,4273,53,4272,71,,,4274,124,,,,
627,4273,65,4272,64,,,4274,129,,,,
628,4273,36,4272,85,,,4274,121,,,,
629,4273,42,4272,90,,,4274,132,,,,
630,4273,47,4272,51,,,4274,98,,,,
631,4272,109,,,,,4274,109,,,,
632,4272,135,,,,,4273,135,,,,
633,4272,126,,,,,4273,126,,,,
634,4272,110,,,,,4273,110,,,,
635,4272,109,,,,,4273,40,4274,62,,
636,4273,51,4272,79,,,4274,130,,,,
637,4273,37,4272,71,,,4274,108,,,,
638,4274,56,4273,94,,,4275,150,,,,
639,4274,157,,,,,4275,157,,,,
640,4274,140,,,,,4275,140,,,,
641,4274,114,,,,,4275,47,4276,67,,
642,4274,113,,,,,4275,36,4276,77,,
643,4274,44,4273,60,,,4275,104,,,,
644,4273,123,,,,,4275,123,,,,
645,4273,112,,,,,4274,53,4275,59,,
646,4273,152,,,,,4275,152,,,,
647,4273,112,,,,,4275,112,,,,
648,4273,103,,,,,4274,51,4275,52,,
649,4273,39,4272,94,,,4274,133,,,,
650,4272,113,,,,,4274,113,,,,
651,4273,135,,,,,4274,135,,,,
652,4273,97,,,,,4274,97,,,,
653,4273,105,,,,,4274,46,4275,59,,
654,4273,137,,,,,4274,40,4275,97,,
655,4273,127,,,,,4274,127,,,,
656,4273,132,,,,,4274,37,4275,100,,
657,4273,115,,,,,4274,115,,,,
658,4273,123,,,,,4274,37,4275,86,,
659,4273,36,4272,79,,,4274,115,,,,
660,4273,39,4272,95,,,4274,134,,,,
661,4272,125,,,,,4273,125,,,,
662,4272,108,,,,,4273,52,4274,56,,
663,4272,160,,,,,4273,65,4274,95,,
664,4272,112,,,,,4273,55,4274,57,,
665,4272,121,,,,,4273,121,,,,
666,4271,156,,,,,4273,156,,,,
667,4271,131,,,,,4273,131,,,,
668,4272,110,,,,,4273,110,,,,
669,4272,152,,,,,4273,152,,,,
670,4272,127,,,,,4273,127,,,,
671,4272,131,,,,,4273,51,4274,80,,
672,4272,99,,,,,4273,37,4274,62,,
673,4272,113,,,,,4273,38,4274,75,,
674,4272,126,,,,,4273,55,4274,71,,
675,4272,105,,,,,4273,41,4274,64,,
676,4272,105,,,,,4273,114,,,,
677,4272,113,,,,,4273,43,4274,70,,
678,4272,156,,,,,4273,62,4274,94,,
679,4273,138,,,,,4274,138,,,,
680,4273,144,,,,,4275,144,,,,
681,4274,141,,,,,4276,141,,,,
682,4274,114,,,,,4276,114,,,,
683,4275,42,4274,56,,,4276,98,,,,
684,4274,98,,,,,4276,98,,,,
685,4274,105,,,,,4276,112,,,,
686,4274,140,,,,,4276,140,,,,
687,4275,41,4274,72,,,4276,113,,,,
688,4274,100,,,,,4275,100,,,,
689,4274,114,,,,,4275,54,4276,60,,
690,4274,63,4273,70,,,4275,133,,,,
691,4273,137,,,,,4275,137,,,,
692,4273,142,,,,,4274,142,,,,
693,4273,125,,,,,4274,125,,,,
694,4273,99,,,,,4274,45,4275,54,,
695,4273,144,,,,,4274,144,,,,
696,4273,151,,,,,4274,151,,,,
697,4273,89,,,,,4274,89,,,,
698,4273,131,,,,,4274,131,,,,
699,4273,150,,,,,4274,146,,,,
700,4273,117,,,,,4274,117,,,,
701,4273,137,,,,,4274,58,4275,79,,
702,4273,97,,,,,4274,35,4275,62,,
703,4274,45,4273,59,,,4275,104,,,,
704,4273,122,,,,,4274,44,4275,78,,
705,4273,122,,,,,4274,122,,,,
706,4273,129,,,,,4274,129,,,,
707,4274,53,4273,65,,,4275,118,,,,
708,4273,130,,,,,4275,130,,,,
709,4273,112,,,,,4275,112,,,,
710,4274,125,,,,,4275,133,,,,
711,4274,44,4273,53,,,4275,97,,,,
712,4274,115,,,,,4275,115,,,,
713,4274,106,,,,,4275,106,,,,
714,4274,139,,,,,4275,64,4276,75,,
715,4274,120,,,,,4275,120,,,,
716,4274,122,,,,,4275,122,,,,
717,4274,131,,,,,4275,131,,,,
718,4274,110,,,,,4275,110,,,,
719,4275,36,4274,54,,,4276,90,,,,
720,4274,149,,,,,4276,149,,,,
721,4274,143,,,,,4276,143,,,,
722,4274,147,,,,,4276,147,,,,
723,4274,130,,,,,4275,48,4276,82,,
724,4274,119,,,,,4275,119,,,,
725,4274,158,,,,,4275,158,,,,
726,4274,154,,,,,4275,56,4276,98,,
727,4274,135,,,,,4275,65,4276,70,,
728,4274,93,,,,,4275,37,4276,56,,
729,4274,151,,,,,4275,151,,,,
730,4274,62,4273,63,,,4275,125,,,,
731,4274,97,,,,,4275,97,,,,
732,4274,157,,,,,4275,149,,,,
733,4275,124,,,,,4276,124,,,,
734,4275,133,,,,,4276,133,,,,
735,4275,123,,,,,4276,123,,,,
736,4275,112,,,,,4276,112,,,,
737,4274,144,,,,,4275,61,4276,83,,
738,4275,48,4274,82,,,4276,130,,,,
739,4275,45,4274,98,,,4276,143,,,,
740,4274,145,,,,,4276,145,,,,
741,4274,107,,,,,4275,51,4276,56,,
742,4274,65,4273,78,,,4275,143,,,,
743,4274,4,4273,125,,,4275,125,,,,
744,4273,92,,,,,4275,92,,,,
745,4273,112,,,,,4275,112,,,,
746,4273,97,,,,,4274,41,4275,56,,
747,4273,127,,,,,4275,127,,,,
748,4273,100,,,,,4274,40,4275,60,,
749,4273,107,,,,,4275,107,,,,
750,4273,41,4272,89,,,4274,130,,,,
751,4272,159,,,,,4274,159,,,,
752,4272,95,,,,,4273,40,4274,61,,
753,4272,120,,,,,4273,111,,,,
754,4273,44,4272,86,,,4274,121,,,,
755,4272,102,,,,,4273,47,4274,55,,
756,4272,124,,,,,4274,124,,,,
757,4272,105,,,,,4273,105,,,,
758,4272,130,,,,,4273,38,4274,92,,
759,4272,58,4271,74,,,4273,132,,,,
760,4271,143,,,,,4273,143,,,,
761,4271,99,,,,,4273,99,,,,
762,4271,136,,,,,4272,136,,,,
763,4271,113,,,,,4272,113,,,,
764,4271,125,,,,,4272,125,,,,
765,4271,161,,,,,4272,161,,,,
766,4271,110,,,,,4272,110,,,,
767,4271,59,4270,62,,,4272,121,,,,
768,4271,125,,,,,4272,125,,,,
769,4271,124,,,,,4272,57,4273,67,,
770,4271,143,,,,,4272,57,4273,86,,
771,4271,156,,,,,4272,63,4273,93,,
772,4271,135,,,,,4273,135,,,,
773,4273,70,4272,76,,,4274,139,,,,
774,4273,90,,,,,4274,90,,,,
775,4273,138,,,,,4274,138,,,,
776,4273,109,,,,,4274,57,4275,52,,
777,4273,125,,,,,4275,125,,,,
778,4274,125,,,,,4275,125,,,,
779,4274,106,,,,,4275,106,,,,
780,4274,104,,,,,4275,104,,,,
781,4273,124,,,,,4274,60,4275,64,,
782,4273,109,,,,,4274,51,4275,58,,
783,4273,142,,,,,4274,142,,,,
784,4273,43,4272,74,,,4274,117,,,,
785,4272,146,,,,,4274,146,,,,
786,4273,53,4272,97,,,4274,150,,,,
787,4272,118,,,,,4274,118,,,,
788,4273,44,4272,88,,,4274,132,,,,
789,4272,121,,,,,4273,125,,,,
790,4272,126,,,,,4273,121,,,,
791,4272,117,,,,,4273,117,,,,
792,4272,152,,,,,4273,152,,,,
793,4272,139,,,,,4273,139,,,,
794,4272,139,,,,,4273,139,,,,
795,4272,49,4271,97,,,4273,146,,,,
796,4272,45,4271,87,,,4273,132,,,,
797,4272,123,,,,,4273,123,,,,
798,4271,134,,,,,4273,134,,,,
799,4271,145,,,,,4273,145,,,,
800,4272,64,4271,65,,,4273,125,,,,
801,4271,152,,,,,4273,152,,,,
802,4271,107,,,,,4273,107,,,,
803,4271,105,,,,,4272,43,4273,62,,
804,4271,62,4270,100,,,4272,162,,,,
805,4271,123,,,,,4272,123,,,,
806,4271,112,,,,,4272,112,,,,
807,4271,113,,,,,4272,113,,,,
808,4271,40,4270,94,,,4272,134,,,,
809,4271,135,,,,,4272,135,,,,
810,4271,38,4270,51,,,4272,89,,,,
811,4270,141,,,,,4271,141,,,,
812,4270,135,,,,,4271,135,,,,
813,4270,150,,,,,4271,150,,,,
814,4270,105,,,,,4272,105,,,,
815,4271,118,,,,,4272,118,,,,
816,4271,40,4270,96,,,4272,136,,,,
817,4271,4,4270,134,,,4272,134,,,,
818,4271,52,4270,53,,,4272,105,,,,
819,4271,54,4270,89,,,4272,143,,,,
820,4271,49,4270,57,,,4272,106,,,,
821,4270,108,,,,,4272,108,,,,
822,4270,130,,,,,4272,130,,,,
823,4271,48,4270,68,,,4272,116,,,,
824,4271,51,4270,91,,,4272,142,,,,
825,4271,116,,,,,4273,106,,,,
826,4271,130,,,,,4272,47,4273,83,,
827,4271,46,4270,80,,,4272,126,,,,
828,4270,91,,,,,4272,91,,,,
829,4270,137,,,,,4272,137,,,,
830,4270,133,,,,,4271,46,4272,87,,
831,4270,123,,,,,4271,123,,,,
832,4270,146,,,,,4271,146,,,,
833,4270,120,,,,,4271,120,,,,
834,4270,117,,,,,4272,117,,,,
835,4271,40,4270,83,,,4272,131,,,,
836,4270,130,,,,,4272,130,,,,
837,4271,60,4270,77,,,4272,137,,,,
838,4271,143,,,,,4272,143,,,,
839,4271,123,,,,,4272,123,,,,
840,4271,98,,,,,4272,55,4273,50,,
841,4271,108,,,,,4273,108,,,,
842,4272,60,4271,70,,,4273,130,,,,
843,4272,55,4271,97,,,4273,152,,,,
844,4271,101,,,,,4273,101,,,,
845,4271,123,,,,,4273,123,,,,
846,4272,57,4271,54,,,4273,111,,,,
847,4272,115,,,,,4274,115,,,,
848,4272,102,,,,,4274,102,,,,
849,4272,65,4271,62,,,4273,127,,,,
850,4272,51,4271,77,,,4273,128,,,,
851,4271,114,,,,,4272,114,,,,
852,4271,101,,,,,4272,101,,,,
853,4271,139,,,,,4273,139,,,,
854,4272,61,4271,73,,,4273,134,,,,
855,4272,51,4271,51,,,4273,102,,,,
856,4271,128,,,,,4272,59,4273,69,,
857,4271,117,,,,,4272,46,4273,71,,
858,4271,136,,,,,4272,36,4273,100,,
859,4272,36,4271,60,,,4273,96,,,,
860,4272,104,,,,,4273,104,,,,
861,4272,50,4271,53,,,4273,103,,,,
862,4272,113,,,,,4273,113,,,,
863,4272,51,4271,84,,,4273,135,,,,
864,4272,56,4271,89,,,4273,145,,,,
865,4272,111,,,,,4273,111,,,,
866,4272,108,,,,,4273,45,4274,63,,
867,4272,105,,,,,4273,50,4274,55,,
868,4273,109,,,,,4274,109,,,,
869,4273,121,,,,,4274,121,,,,
870,4273,134,,,,,4274,134,,,,
871,4273,102,,,,,4274,102,,,,
872,4273,140,,,,,4274,45,4275,95,,
873,4273,150,,,,,4274,150,,,,
874,4273,127,,,,,4274,46,4275,81,,
875,4273,126,,,,,4274,126,,,,
876,4272,132,,,,,4274,132,,,,
877,4272,98,,,,,4274,98,,,,
878,4272,123,,,,,4273,59,4274,64,,
879,4272,140,,,,,4274,140,,,,
880,4273,114,,,,,4274,114,,,,
881,4274,44,4273,68,,,4275,112,,,,
882,4274,150,,,,,4275,150,,,,
883,4274,128,,,,,4275,128,,,,
884,4274,36,4273,59,,,4275,95,,,,
885,4273,120,,,,,4275,120,,,,
886,4273,145,,,,,4275,145,,,,
887,4273,117,,,,,4274,56,4275,61,,
888,4273,112,,,,,4274,112,,,,
889,4273,131,,,,,4274,51,4275,80,,
890,4273,124,,,,,4275,124,,,,
891,4273,155,,,,,4274,155,,,,
892,4273,65,4272,58,,,4274,123,,,,
893,4273,62,4272,54,,,4274,116,,,,
894,4273,39,4272,78,,,4274,117,,,,
895,4273,46,4272,77,,,4274,123,,,,
896,4273,57,4272,93,,,4274,150,,,,
897,4273,109,,,,,4274,109,,,,
898,4272,126,,,,,4274,126,,,,
899,4272,93,,,,,4273,36,4274,57,,
900,4272,124,,,,,4273,60,4274,64,,
901,4272,128,,,,,4273,38,4274,90,,
902,4272,105,,,,,4274,105,,,,
903,4273,118,,,,,4274,118,,,,
904,4272,123,,,,,4274,123,,,,
905,4272,107,,,,,4274,107,,,,
906,4272,121,,,,,4273,48,4274,73,,
907,4272,107,,,,,4273,40,4274,67,,
908,4272,117,,,,,4273,117,,,,
909,4272,98,,,,,4273,98,,,,
910,4272,132,,,,,4273,132,,,,
911,4271,154,,,,,4272,154,,,,
912,4271,120,,,,,4272,120,,,,
913,4271,150,,,,,4272,150,,,,
914,4271,115,,,,,4272,115,,,,
915,4271,96,,,,,4272,105,,,,
916,4271,160,,,,,4272,64,4273,88,,
917,4271,146,,,,,4272,146,,,,
918,4271,116,,,,,4272,116,,,,
919,4271,113,,,,,4272,113,,,,
920,4271,105,,,,,4272,105,,,,
921,4271,144,,,,,4272,144,,,,
922,4271,109,,,,,4272,55,4273,54,,
923,4271,122,,,,,4272,122,,,,
924,4271,96,,,,,4272,96,,,,
925,4271,104,,,,,4272,42,4273,62,,
926,4271,115,,,,,4272,115,,,,
927,4271,119,,,,,4273,119,,,,
928,4272,134,,,,,4273,58,4274,76,,
929,4272,105,,,,,4274,105,,,,
930,4272,117,,,,,4274,117,,,,
931,4272,158,,,,,4273,62,4274,96,,
932,4272,117,,,,,4274,117,,,,
933,4273,61,4272,78,,,4274,139,,,,
934,4273,40,4272,74,,,4274,114,,,,
935,4273,41,4272,96,,,4274,137,,,,
936,4272,149,,,,,4273,64,4274,85,,
937,4272,133,,,,,4274,133,,,,
938,4273,35,4272,64,,,4274,99,,,,
939,4273,144,,,,,4274,47,4275,97,,
940,4273,108,,,,,4274,108,,,,
941,4273,102,,,,,4274,102,,,,
942,4273,64,4272,83,,,4274,147,,,,
943,4272,129,,,,,4273,59,4274,70,,
944,4272,123,,,,,4273,59,4274,54,,
945,4272,41,4271,91,,,4273,132,,,,
946,4272,60,4271,60,,,4273,120,,,,
947,4272,39,4271,98,,,4273,137,,,,
948,4272,127,,,,,4273,120,,,,
949,4272,125,,,,,4273,125,,,,
950,4272,152,,,,,4273,54,4274,98,,
951,4272,138,,,,,4273,138,,,,
952,4272,106,,,,,4273,106,,,,
953,4272,119,,,,,4273,119,,,,
954,4272,137,,,,,4273,137,,,,
955,4272,50,4271,75,,,4273,125,,,,
956,4272,49,4271,90,,,4273,139,,,,
957,4271,101,,,,,4272,50,4273,51,,
958,4271,147,,,,,4273,147,,,,
959,4271,119,,,,,4272,47,4273,72,,
960,4271,111,,,,,4272,111,,,,
961,4271,124,,,,,4272,124,,,,
962,4271,127,,,,,4272,127,,,,
963,4271,127,,,,,4272,127,,,,
964,4271,54,4270,69,,,4272,123,,,,
965,4271,59,4270,100,,,4272,159,,,,
966,4271,136,,,,,4272,37,4273,99,,
967,4271,118,,,,,4273,118,,,,
968,4271,110,,,,,4272,110,,,,
969,4271,54,4270,88,,,4272,142,,,,
970,4271,106,,,,,4272,106,,,,
971,4271,43,4270,70,,,4272,113,,,,
972,4270,155,,,,,4272,155,,,,
973,4271,39,4270,72,,,4272,111,,,,
974,4270,150,,,,,4272,150,,,,
975,4270,109,,,,,4272,109,,,,
976,4270,145,,,,,4272,145,,,,
977,4270,113,,,,,4272,107,,,,
978,4271,60,4270,70,,,4272,130,,,,
979,4271,62,4270,79,,,4272,141,,,,
980,4270,100,,,,,4272,100,,,,
981,4270,106,,,,,4271,50,4272,56,,
982,4270,105,,,,,4271,105,,,,
983,4270,125,,,,,4271,125,,,,
984,4270,98,,,,,4271,98,,,,
985,4270,127,,,,,4271,136,,,,
986,4270,139,,,,,4271,131,,,,
987,4269,129,,,,,4270,129,,,,
988,4269,145,,,,,4270,145,,,,
989,4269,119,,,,,4271,119,,,,
990,4270,49,4269,68,,,4271,117,,,,
991,4269,106,,,,,4270,106,,,,
992,4269,128,,,,,4270,128,,,,
993,4269,115,,,,,4270,115,,,,
994,4269,110,,,,,4270,39,4271,71,,
995,4269,113,,,,,4270,113,,,,
996,4269,125,,,,,4270,125,,,,
997,4269,107,,,,,4270,107,,,,
998,4269,40,4268,69,,,4270,109,,,,
999,4268,123,,,,,4269,57,4270,66,,
1000,4268,152,,,,,4269,58,4270,90,,
1001,4268,131,,,,,4269,44,4270,87,,
1002,4268,156,,,,,4269,57,4270,92,,
1003,4268,136,,,,,4269,63,4270,73,,
1004,4268,92,,,,,4269,92,,,,
1005,4268,125,,,,,4269,125,,,,
1006,4268,121,,,,,4269,58,4270,58,,
1007,4268,109,,,,,4269,109,,,,
1008,4268,140,,,,,4269,140,,,,
1009,4268,107,,,,,4269,107,,,,
1010,4268,61,4267,63,,,4269,124,,,,
1011,4267,114,,,,,4268,114,,,,
1012,4267,100,,,,,4268,100,,,,
1013,4267,155,,,,,4268,61,4269,94,,
1014,4267,123,,,,,4268,123,,,,
1015,4267,121,,,,,4268,121,,,,
1016,4267,121,,,,,4268,57,4269,64,,
1017,4267,151,,,,,4269,151,,,,
1018,4267,130,,,,,4268,57,4269,73,,
1019,4267,105,,,,,4268,47,4269,58,,
1020,4267,111,,,,,4268,111,,,,
1021,4267,130,,,,,4268,130,,,,
1022,4268,56,4267,67,,,4269,123,,,,
1023,4267,143,,,,,4269,143,,,,
1024,4267,142,,,,,4268,62,4269,80,,
1025,4267,127,,,,,4268,55,4269,72,,
1026,4267,94,,,,,4269,94,,,,
1027,4268,39,4267,84,,,4269,123,,,,
1028,4267,117,,,,,4269,117,,,,
1029,4267,146,,,,,4268,54,4269,92,,
1030,4267,100,,,,,4268,38,4269,62,,
1031,4267,125,,,,,4268,125,,,,
1032,4266,143,,,,,4267,143,,,,
1033,4267,126,,,,,4268,126,,,,
1034,4267,144,,,,,4268,144,,,,
1035,4267,50,4266,50,,,4268,100,,,,
1036,4267,131,,,,,4268,131,,,,
1037,4267,53,4266,81,,,4268,134,,,,
1038,4266,146,,,,,4267,57,4268,89,,
1039,4266,145,,,,,4268,145,,,,
1040,4267,41,4266,67,,,4268,108,,,,
1041,4267,47,4266,57,,,4268,104,,,,
1042,4266,157,,,,,4267,157,,,,
1043,4266,131,,,,,4267,122,,,,
1044,4266,119,,,,,4267,119,,,,
1045,4266,99,,,,,4268,99,,,,
1046,4267,47,4266,50,,,4268,97,,,,
1047,4267,118,,,,,4268,118,,,,
1048,4267,129,,,,,4268,129,,,,
1049,4266,155,,,,,4268,155,,,,
1050,4267,133,,,,,4268,133,,,,
1051,4267,94,,,,,4268,94,,,,
1052,4267,50,4266,54,,,4268,104,,,,
1053,4266,126,,,,,4267,56,4268,70,,
1054,4265,145,,,,,4267,145,,,,
1055,4265,108,,,,,4266,44,4267,64,,
1056,4265,142,,,,,4267,142,,,,
1057,4265,104,,,,,4266,104,,,,
1058,4265,52,4264,84,,,4266,136,,,,
1059,4265,63,4264,65,,,4266,128,,,,
1060,4264,111,,,,,4266,111,,,,
1061,4264,118,,,,,4266,118,,,,
1062,4264,156,,,,,4266,156,,,,
1063,4265,62,4264,58,,,4266,120,,,,
1064,4264,131,,,,,4265,131,,,,
1065,4264,132,,,,,4265,132,,,,
1066,4264,142,,,,,4265,142,,,,
1067,4264,138,,,,,4266,138,,,,
1068,4264,101,,,,,4266,101,,,,
1069,4265,47,4264,55,,,4266,102,,,,
1070,4264,117,,,,,4265,63,4266,54,,
1071,4265,49,4264,83,,,4266,132,,,,
1072,4266,41,4265,67,,,4267,117,,,,
1073,4266,113,,,,,4267,113,,,,
1074,4266,97,,,,,4267,97,,,,
1075,4266,113,,,,,4267,113,,,,
1076,4266,123,,,,,4267,36,4268,87,,
1077,4266,128,,,,,4268,128,,,,
1078,4266,135,,,,,4268,135,,,,
1079,4267,50,4266,100,,,4268,150,,,,
1080,4267,122,,,,,4268,122,,,,
1081,4267,119,,,,,4268,119,,,,
1082,4267,5,4266,118,,,4268,118,,,,
1083,4267,51,4266,93,,,4268,144,,,,
1084,4266,129,,,,,4268,129,,,,
1085,4266,144,,,,,4268,144,,,,
1086,4266,133,,,,,4267,38,4268,95,,
1087,4267,103,,,,,4268,103,,,,
1088,4267,98,,,,,4268,98,,,,
1089,4266,127,,,,,4268,127,,,,
1090,4266,143,,,,,4267,143,,,,
1091,4266,112,,,,,4267,112,,,,
1092,4266,112,,,,,4267,112,,,,
1093,4267,55,4266,59,,,4268,121,,,,
1094,4266,135,,,,,4268,135,,,,
1095,4267,104,,,,,4268,104,,,,
1096,4267,119,,,,,4268,56,4269,63,,
1097,4267,60,4266,83,,,4268,143,,,,
1098,4267,61,4266,65,,,4268,126,,,,
1099,4267,133,,,,,4268,133,,,,
1100,4267,136,,,,,4269,136,,,,
1101,4267,139,,,,,4269,139,,,,
1102,4267,126,,,,,4268,126,,,,
1103,4266,138,,,,,4268,138,,,,
1104,4266,113,,,,,4268,113,,,,
1105,4266,102,,,,,4268,102,,,,
1106,4266,156,,,,,4267,62,4268,94,,
1107,4266,133,,,,,4267,41,4268,92,,
1108,4266,146,,,,,4267,60,4268,86,,
1109,4266,120,,,,,4267,40,4268,80,,
1110,4266,126,,,,,4267,126,,,,
1111,4266,36,4265,84,,,4267,120,,,,
1112,4266,47,4265,55,,,4267,102,,,,
1113,4266,148,,,,,4267,148,,,,
1114,4266,100,,,,,4267,38,4268,67,,
1115,4266,104,,,,,4267,104,,,,
1116,4266,135,,,,,4268,135,,,,
1117,4267,107,,,,,4269,107,,,,
1118,4267,89,,,,,4268,89,,,,
1119,4267,133,,,,,4268,133,,,,
1120,4267,37,4266,84,,,4268,121,,,,
1121,4267,51,4266,72,,,4268,123,,,,
1122,4267,47,4266,75,,,4268,122,,,,
1123,4266,139,,,,,4268,139,,,,
1124,4266,113,,,,,4267,59,4268,54,,
1125,4266,112,,,,,4268,112,,,,
1126,4266,102,,,,,4267,102,,,,
1127,4266,96,,,,,4267,96,,,,
1128,4265,100,,,,,4267,100,,,,
1129,4266,61,4265,93,,,4267,154,,,,
1130,4266,51,4265,54,,,4267,105,,,,
1131,4266,39,4265,68,,,4267,107,,,,
1132,4266,52,4265,52,,,4267,104,,,,
1133,4265,152,,,,,4267,142,,,,
1134,4266,134,,,,,4267,134,,,,
1135,4266,159,,,,,4267,61,4268,98,,
1136,4266,122,,,,,4267,38,4268,84,,
1137,4266,140,,,,,4267,140,,,,
1138,4266,109,,,,,4267,109,,,,
1139,4266,48,4265,82,,,4267,130,,,,
1140,4266,42,4265,53,,,4267,95,,,,
1141,4266,117,,,,,4267,42,4268,75,,
1142,4266,128,,,,,4267,47,4268,81,,
1143,4266,122,,,,,4267,122,,,,
1144,4266,111,,,,,4267,44,4268,67,,
1145,4266,135,,,,,4267,64,4268,71,,
1146,4266,86,,,,,4267,86,,,,
1147,4266,96,,,,,4267,105,,,,
1148,4266,106,,,,,4267,106,,,,
1149,4265,99,,,,,4267,99,,,,
1150,4266,113,,,,,4267,113,,,,
1151,4266,150,,,,,4267,150,,,,
1152,4266,122,,,,,4267,122,,,,
1153,4266,121,,,,,4267,121,,,,
1154,4267,94,,,,,4268,94,,,,
1155,4266,88,,,,,4268,88,,,,
1156,4266,144,,,,,4268,144,,,,
1157,4266,119,,,,,4267,119,,,,
1158,4266,105,,,,,4267,43,4268,62,,
1159,4266,102,,,,,4267,38,4268,64,,
1160,4266,131,,,,,4267,65,4268,66,,
1161,4266,127,,,,,4267,54,4268,73,,
1162,4266,133,,,,,4267,49,4268,84,,
1163,4266,111,,,,,4267,53,4268,58,,
1164,4266,148,,,,,4267,148,,,,
1165,4266,133,,,,,4267,133,,,,
1166,4266,100,,,,,4267,100,,,,
1167,4266,115,,,,,4267,60,4268,55,,
1168,4267,49,4266,61,,,4268,110,,,,
1169,4266,107,,,,,4267,46,4268,61,,
1170,4266,111,,,,,4267,48,4268,63,,
1171,4266,138,,,,,4268,138,,,,
1172,4266,92,,,,,4268,92,,,,
1173,4266,138,,,,,4268,138,,,,
1174,4266,98,,,,,4268,98,,,,
1175,4266,150,,,,,4268,150,,,,
1176,4266,117,,,,,4268,117,,,,
1177,4266,111,,,,,4267,53,4268,58,,
1178,4266,121,,,,,4267,121,,,,
1179,4266,122,,,,,4267,122,,,,
1180,4266,102,,,,,4267,51,4268,51,,
1181,4266,157,,,,,4267,157,,,,
1182,4266,95,,,,,4267,95,,,,
1183,4266,52,4265,67,,,4267,119,,,,
1184,4266,146,,,,,4267,146,,,,
1185,4266,127,,,,,4267,127,,,,
1186,4266,46,4265,51,,,4267,97,,,,
1187,4265,123,,,,,4266,123,,,,
1188,4265,132,,,,,4266,132,,,,
1189,4265,150,,,,,4266,150,,,,
1190,4265,147,,,,,4266,147,,,,
1191,4265,142,,,,,4266,142,,,,
1192,4265,114,,,,,4266,114,,,,
1193,4264,134,,,,,4266,134,,,,
1194,4264,113,,,,,4266,113,,,,
1195,4264,109,,,,,4265,36,4266,73,,
1196,4264,101,,,,,4266,101,,,,
1197,4265,64,4264,92,,,4266,156,,,,
1198,4265,156,,,,,4266,156,,,,
1199,4265,132,,,,,4266,132,,,,
1200,4265,142,,,,,4266,142,,,,
1201,4265,92,,,,,4266,92,,,,
1202,4265,143,,,,,4266,143,,,,
1203,4265,131,,,,,4266,131,,,,
1204,4265,110,,,,,4266,110,,,,
1205,4265,147,,,,,4266,147,,,,
1206,4266,35,4265,54,,,4267,89,,,,
1207,4266,122,,,,,4267,122,,,,
1208,4266,135,,,,,4267,135,,,,
1209,4266,153,,,,,4267,153,,,,
1210,4266,150,,,,,4267,50,4268,100,,
1211,4267,126,,,,,4268,126,,,,
1212,4267,120,,,,,4268,120,,,,
1213,4267,99,,,,,4268,99,,,,
1214,4266,106,,,,,4268,106,,,,
1215,4266,113,,,,,4268,113,,,,
1216,4266,130,,,,,4267,55,4268,75,,
1217,4266,120,,,,,4267,120,,,,
1218,4266,136,,,,,4267,52,4268,84,,
1219,4266,122,,,,,4267,122,,,,
1220,4266,104,,,,,4267,104,,,,
1221,4266,152,,,,,4267,54,4268,98,,
1222,4266,103,,,,,4267,45,4268,58,,
1223,4266,142,,,,,4267,152,,,,
1224,4266,127,,,,,4267,127,,,,
1225,4266,142,,,,,4267,42,4268,100,,
1226,4266,136,,,,,4267,49,4268,87,,
1227,4266,132,,,,,4267,132,,,,
1228,4265,156,,,,,4266,63,4267,93,,
1229,4265,124,,,,,4266,46,4267,78,,
1230,4265,121,,,,,4266,56,4267,65,,
1231,4266,46,4265,97,,,4267,143,,,,
1232,4266,113,,,,,4267,113,,,,
1233,4266,145,,,,,4267,138,,,,
1234,4265,156,,,,,4267,156,,,,
1235,4266,51,4265,99,,,4267,150,,,,
1236,4266,38,4265,69,,,4267,107,,,,
1237,4266,45,4265,69,,,4267,114,,,,
1238,4265,126,,,,,4267,126,,,,
1239,4265,145,,,,,4266,52,4267,88,,
1240,4265,128,,,,,4267,128,,,,
1241,4265,131,,,,,4267,131,,,,
1242,4266,65,4265,94,,,4267,159,,,,
1243,4266,42,4265,62,,,4267,104,,,,
1244,4266,143,,,,,4267,143,,,,
1245,4265,116,,,,,4267,116,,,,
1246,4266,121,,,,,4267,121,,,,
1247,4266,85,,,,,4267,93,,,,
1248,4265,128,,,,,4267,128,,,,
1249,4265,129,,,,,4266,53,4267,76,,
1250,4265,93,,,,,4266,93,,,,
1251,4265,60,4264,65,,,4266,125,,,,
1252,4265,95,,,,,4266,95,,,,
1253,4265,114,,,,,4266,114,,,,
1254,4265,128,,,,,4266,128,,,,
1255,4265,110,,,,,4266,110,,,,
1256,4265,117,,,,,4266,117,,,,
1257,4265,147,,,,,4266,147,,,,
1258,4266,46,4265,92,,,4267,138,,,,
1259,4266,134,,,,,4267,134,,,,
1260,4266,109,,,,,4267,109,,,,
1261,4266,145,,,,,4267,145,,,,
1262,4266,127,,,,,4268,127,,,,
1263,4266,157,,,,,4268,157,,,,
1264,4266,139,,,,,4268,139,,,,
1265,4266,155,,,,,4267,63,4268,92,,
1266,4266,122,,,,,4267,45,4268,77,,
1267,4266,124,,,,,4267,124,,,,
1268,4266,109,,,,,4267,46,4268,63,,
1269,4265,126,,,,,4267,126,,,,
1270,4266,136,,,,,4267,136,,,,
1271,4266,97,,,,,4267,97,,,,
1272,4266,128,,,,,4267,62,4268,66,,
1273,4266,143,,,,,4267,143,,,,
1274,4266,111,,,,,4267,111,,,,
1275,4266,138,,,,,4267,138,,,,
1276,4266,152,,,,,4267,152,,,,
1277,4266,126,,,,,4267,126,,,,
1278,4267,35,4266,90,,,4268,125,,,,
1279,4267,150,,,,,4268,150,,,,
1280,4267,134,,,,,4268,134,,,,
1281,4267,106,,,,,4268,106,,,,
1282,4267,143,,,,,4268,143,,,,
1283,4268,35,4267,72,,,4269,107,,,,
1284,4268,130,,,,,4269,130,,,,
1285,4268,115,,,,,4269,115,,,,
1286,4268,85,,,,,4269,85,,,,
1287,4268,139,,,,,4269,139,,,,
1288,4268,159,,,,,4269,159,,,,
1289,4268,144,,,,,4270,144,,,,
1290,4268,105,,,,,4269,105,,,,
1291,4268,106,,,,,4269,106,,,,
1292,4268,128,,,,,4269,128,,,,
1293,4268,146,,,,,4269,146,,,,
1294,4268,116,,,,,4269,47,4270,60,,
1295,4268,124,,,,,4269,51,4270,73,,
1296,4268,106,,,,,4270,106,,,,
1297,4268,123,,,,,4269,43,4270,80,,
1298,4268,128,,,,,4270,128,,,,
1299,4268,95,,,,,4270,95,,,,
1300,4268,150,,,,,4270,150,,,,
1301,4269,60,4268,87,,,4270,147,,,,
1302,4269,41,4268,88,,,4270,129,,,,
1303,4269,144,,,,,4270,51,4271,93,,
1304,4269,38,4268,80,,,4270,118,,,,
1305,4269,119,,,,,4270,119,,,,
1306,4269,142,,,,,4270,142,,,,
1307,4269,134,,,,,4270,138,,,,
1308,4269,89,,,,,4270,89,,,,
1309,4269,120,,,,,4270,120,,,,
1310,4269,157,,,,,4270,157,,,,
1311,4269,153,,,,,4270,153,,,,
1312,4269,134,,,,,4270,134,,,,
1313,4269,115,,,,,4270,115,,,,
1314,4269,127,,,,,4270,50,4271,77,,
1315,4269,144,,,,,4270,144,,,,
1316,4269,99,,,,,4270,99,,,,
1317,4269,148,,,,,4270,58,4271,90,,
1318,4269,114,,,,,4270,114,,,,
1319,4269,123,,,,,4270,123,,,,
1320,4268,108,,,,,4270,108,,,,
1321,4269,65,4268,55,,,4270,120,,,,
1322,4269,36,4268,84,,,4270,120,,,,
1323,4269,135,,,,,4270,135,,,,
1324,4269,120,,,,,4271,120,,,,
1325,4270,61,4269,50,,,4271,111,,,,
1326,4270,55,4269,91,,,4271,146,,,,
1327,4270,118,,,,,4271,118,,,,
1328,4270,98,,,,,4271,98,,,,
1329,4270,113,,,,,4271,50,4272,63,,
1330,4270,96,,,,,4271,39,4272,57,,
1331,4270,132,,,,,4272,132,,,,
1332,4271,102,,,,,4272,102,,,,
1333,4271,125,,,,,4272,125,,,,
1334,4271,135,,,,,4272,135,,,,
1335,4271,104,,,,,4272,104,,,,
1336,4271,43,4270,91,,,4272,134,,,,
1337,4271,40,4270,68,,,4272,108,,,,
1338,4271,116,,,,,4272,116,,,,
1339,4271,106,,,,,4272,106,,,,
1340,4271,128,,,,,4272,40,4273,88,,
1341,4272,142,,,,,4273,142,,,,
1342,4272,108,,,,,4273,108,,,,
1343,4272,155,,,,,4273,63,4274,92,,
1344,4272,99,,,,,4273,44,4274,55,,
1345,4272,105,,,,,4273,105,,,,
1346,4272,117,,,,,4273,117,,,,
1347,4272,152,,,,,4273,152,,,,
1348,4272,146,,,,,4274,146,,,,
1349,4273,62,4272,72,,,4274,134,,,,
1350,4273,141,,,,,4275,141,,,,
1351,4273,140,,,,,4274,140,,,,
1352,4273,154,,,,,4274,154,,,,
1353,4273,103,,,,,4274,37,4275,66,,
1354,4273,125,,,,,4274,125,,,,
1355,4273,43,4272,61,,,4274,104,,,,
1356,4272,144,,,,,4274,144,,,,
1357,4273,59,4272,78,,,4274,137,,,,
1358,4273,61,4272,69,,,4274,130,,,,
1359,4273,40,4272,98,,,4274,138,,,,
1360,4273,45,4272,90,,,4274,135,,,,
1361,4273,144,,,,,4274,144,,,,
1362,4273,127,,,,,4274,40,4275,87,,
1363,4273,152,,,,,4274,61,4275,91,,
1364,4273,156,,,,,4274,59,4275,97,,
1365,4273,102,,,,,4274,43,4275,59,,
1366,4273,118,,,,,4274,41,4275,77,,
1367,4273,141,,,,,4275,141,,,,
1368,4273,131,,,,,4274,56,4275,75,,
1369,4273,139,,,,,4274,42,4275,97,,
1370,4273,139,,,,,4275,139,,,,
1371,4273,137,,,,,4274,50,4275,87,,
1372,4273,161,,,,,4274,61,4275,90,,
1373,4274,123,,,,,4275,123,,,,
1374,4274,124,,,,,4275,116,,,,
1375,4275,152,,,,,4276,152,,,,
1376,4275,130,,,,,4277,130,,,,
1377,4275,117,,,,,4277,117,,,,
1378,4275,46,4274,73,,,4276,119,,,,
1379,4275,133,,,,,4276,133,,,,
1380,4275,113,,,,,4276,113,,,,
1381,4274,116,,,,,4275,116,,,,
1382,4274,130,,,,,4275,130,,,,
1383,4274,113,,,,,4275,113,,,,
1384,4274,102,,,,,4275,49,4276,53,,
1385,4274,95,,,,,4275,41,4276,54,,
1386,4274,131,,,,,4275,64,4276,67,,
1387,4274,65,4273,84,,,4275,149,,,,
1388,4274,57,4273,82,,,4275,139,,,,
1389,4274,56,4273,63,,,4275,119,,,,
1390,4274,114,,,,,4275,114,,,,
1391,4274,65,4273,60,,,4275,125,,,,
1392,4274,147,,,,,4275,147,,,,
1393,4273,137,,,,,4275,137,,,,
1394,4273,94,,,,,4274,43,4275,51,,
1395,4273,134,,,,,4274,134,,,,
1396,4273,104,,,,,4274,49,4275,55,,
1397,4273,124,,,,,4275,124,,,,
1398,4273,87,,,,,4275,87,,,,
1399,4273,151,,,,,4274,9,4275,151,,
1400,4272,99,,,,,4274,99,,,,
1401,4273,53,4272,52,,,4274,105,,,,
1402,4272,110,,,,,4274,110,,,,
1403,4273,55,4272,99,,,4274,154,,,,
1404,4272,114,,,,,4274,114,,,,
1405,4273,98,,,,,4274,37,4275,61,,
1406,4273,151,,,,,4274,151,,,,
1407,4273,108,,,,,4274,58,4275,54,,
1408,4273,92,,,,,4274,40,4275,52,,
1409,4273,136,,,,,4275,136,,,,
1410,4274,71,4273,91,,,4275,154,,,,
1411,4273,131,,,,,4274,35,4275,96,,
1412,4273,153,,,,,4274,153,,,,
1413,4273,104,,,,,4274,104,,,,
1414,4273,130,,,,,4274,130,,,,
1415,4273,41,4272,66,,,4274,107,,,,
1416,4273,122,,,,,4274,122,,,,
1417,4274,48,4273,98,,,4275,146,,,,
1418,4274,134,,,,,4275,134,,,,
1419,4274,55,4273,54,,,4275,109,,,,
1420,4274,48,4273,81,,,4275,129,,,,
1421,4274,126,,,,,4275,126,,,,
1422,4274,129,,,,,4276,129,,,,
1423,4274,99,,,,,4275,48,4276,51,,
1424,4274,123,,,,,4276,123,,,,
1425,4275,53,4274,91,,,4276,144,,,,
1426,4274,152,,,,,4276,152,,,,
1427,4274,131,,,,,4275,38,4276,93,,
1428,4274,117,,,,,4275,117,,,,
1429,4274,122,,,,,4275,122,,,,
1430,4274,127,,,,,4275,133,,,,
1431,4274,148,,,,,4275,148,,,,
1432,4274,124,,,,,4275,124,,,,
1433,4274,58,4273,97,,,4275,155,,,,
1434,4274,116,,,,,4275,116,,,,
1435,4274,138,,,,,4275,138,,,,
1436,4274,149,,,,,4275,149,,,,
1437,4274,146,,,,,4275,146,,,,
1438,4274,97,,,,,4276,97,,,,
1439,4275,43,4274,80,,,4276,123,,,,
1440,4275,41,4274,98,,,4276,139,,,,
1441,4274,118,,,,,4275,118,,,,
1442,4274,91,,,,,4275,91,,,,
1443,4274,142,,,,,4275,142,,,,
1444,4274,47,4273,98,,,4275,145,,,,
1445,4274,128,,,,,4275,128,,,,
1446,4274,105,,,,,4275,105,,,,
1447,4274,130,,,,,4275,130,,,,
1448,4274,149,,,,,4275,149,,,,
1449,4274,132,,,,,4275,132,,,,
1450,4274,140,,,,,4275,140,,,,
1451,4274,126,,,,,4275,126,,,,
1452,4274,54,4273,83,,,4275,137,,,,
1453,4274,42,4273,87,,,4275,129,,,,
1454,4274,58,4273,97,,,4275,155,,,,
1455,4274,154,,,,,4275,154,,,,
1456,4274,54,4273,59,,,4275,113,,,,
1457,4273,127,,,,,4275,127,,,,
1458,4273,106,,,,,4275,106,,,,
1459,4273,132,,,,,4275,132,,,,
1460,4273,151,,,,,4274,59,4275,92,,
1461,4273,112,,,,,4274,53,4275,59,,
1462,4273,139,,,,,4275,139,,,,
1463,4273,143,,,,,4274,55,4275,88,,
1464,4273,97,,,,,4274,97,,,,
1465,4273,94,,,,,4274,40,4275,54,,
1466,4273,136,,,,,4274,42,4275,94,,
1467,4273,138,,,,,4275,138,,,,
1468,4273,88,,,,,4275,88,,,,
1469,4273,136,,,,,4275,136,,,,
1470,4273,112,,,,,4275,112,,,,
1471,4273,110,,,,,4275,110,,,,
1472,4274,57,4273,94,,,4275,151,,,,
1473,4274,59,4273,55,,,4275,114,,,,
1474,4274,155,,,,,4275,155,,,,
1475,4274,134,,,,,4275,56,4276,78,,
1476,4275,54,4274,76,,,4276,130,,,,
1477,4275,43,4274,91,,,4276,134,,,,
1478,4274,144,,,,,4275,54,4276,90,,
1479,4274,98,,,,,4275,98,,,,
1480,4274,134,,,,,4275,36,4276,98,,
1481,4274,140,,,,,4275,140,,,,
1482,4274,117,,,,,4275,46,4276,71,,
1483,4274,90,,,,,4275,38,4276,52,,
1484,4274,139,,,,,4275,58,4276,81,,
1485,4274,107,,,,,4275,48,4276,59,,
1486,4275,137,,,,,4276,137,,,,
1487,4276,110,,,,,4277,110,,,,
1488,4276,95,,,,,4277,95,,,,
1489,4276,153,,,,,4277,153,,,,
1490,4277,133,,,,,4278,133,,,,
1491,4277,120,,,,,4279,120,,,,
1492,4277,125,,,,,4279,125,,,,
1493,4278,62,4277,79,,,4279,141,,,,
1494,4278,35,4277,97,,,4279,132,,,,
1495,4277,115,,,,,4279,115,,,,
1496,4278,61,4277,95,,,4279,156,,,,
1497,4278,143,,,,,4279,143,,,,
1498,4278,138,,,,,4279,138,,,,
1499,4278,117,,,,,4279,117,,,,
1500,4278,106,,,,,4279,43,4280,63,,
1501,4279,131,,,,,4280,131,,,,
1502,4279,159,,,,,4280,159,,,,
1503,4278,107,,,,,4280,107,,,,
1504,4278,109,,,,,4280,109,,,,
1505,4279,127,,,,,4280,127,,,,
1506,4279,130,,,,,4281,130,,,,
1507,4279,119,,,,,4280,119,,,,
1508,4279,151,,,,,4280,58,4281,93,,
1509,4279,127,,,,,4280,39,4281,88,,
1510,4279,121,,,,,4280,121,,,,
1511,4278,126,,,,,4279,126,,,,
1512,4279,49,4278,97,,,4280,146,,,,
1513,4278,120,,,,,4279,65,4280,55,,
1514,4278,119,,,,,4280,119,,,,
1515,4279,146,,,,,4280,146,,,,
1516,4279,122,,,,,4280,122,,,,
1517,4279,43,4278,79,,,4280,122,,,,
1518,4278,102,,,,,4279,102,,,,
1519,4278,127,,,,,4280,127,,,,
1520,4279,64,4278,61,,,4280,125,,,,
1521,4278,103,,,,,4280,103,,,,
1522,4278,137,,,,,4280,137,,,,
1523,4278,113,,,,,4280,113,,,,
1524,4279,55,4278,60,,,4280,115,,,,
1525,4278,100,,,,,4280,100,,,,
1526,4278,149,,,,,4280,149,,,,
1527,4278,123,,,,,4280,123,,,,
1528,4278,117,,,,,4280,117,,,,
1529,4278,113,,,,,4280,113,,,,
1530,4278,131,,,,,4280,131,,,,
1531,4279,37,4278,76,,,4280,113,,,,
1532,4279,59,4278,57,,,4280,116,,,,
1533,4279,44,4278,63,,,4280,107,,,,
1534,4279,139,,,,,4280,139,,,,
1535,4279,133,,,,,4280,133,,,,
1536,4279,122,,,,,4281,122,,,,
1537,4279,127,,,,,4281,127,,,,
1538,4280,52,4279,63,,,4281,115,,,,
1539,4280,48,4279,97,,,4281,145,,,,
1540,4280,144,,,,,4281,144,,,,
1541,4280,155,,,,,4281,50,4282,96,,
1542,4280,131,,,,,4282,131,,,,
1543,4280,91,,,,,4282,91,,,,
1544,4280,114,,,,,4281,46,4282,68,,
1545,4280,93,,,,,4281,93,,,,
1546,4280,137,,,,,4281,57,4282,80,,
1547,4280,156,,,,,4281,57,4282,99,,
1548,4280,132,,,,,4281,63,4282,69,,
1549,4280,101,,,,,4281,37,4282,64,,
1550,4280,142,,,,,4281,50,4282,92,,
1551,4280,122,,,,,4281,50,4282,72,,
1552,4280,106,,,,,4281,106,,,,
1553,4279,103,,,,,4280,43,4281,60,,
1554,4279,118,,,,,4281,118,,,,
1555,4279,150,,,,,4281,150,,,,
1556,4279,123,,,,,4281,123,,,,
1557,4279,133,,,,,4280,133,,,,
1558,4279,92,,,,,4280,92,,,,
1559,4279,140,,,,,4280,62,4281,78,,
1560,4278,39,4277,50,,,4279,89,,,,
1561,4278,114,,,,,4279,114,,,,
1562,4278,132,,,,,4279,53,4280,79,,
1563,4278,119,,,,,4279,35,4280,84,,
1564,4278,144,,,,,4279,47,4280,97,,
1565,4278,144,,,,,4279,64,4280,80,,
1566,4278,118,,,,,4279,50,4280,68,,
1567,4278,122,,,,,4279,122,,,,
1568,4278,89,,,,,4279,89,,,,
1569,4278,118,,,,,4279,40,4280,78,,
1570,4278,146,,,,,4279,146,,,,
1571,4278,125,,,,,4279,125,,,,
1572,4278,130,,,,,4279,130,,,,
1573,4278,60,4277,91,,,4279,151,,,,
1574,4278,50,4277,63,,,4279,117,,,,
1575,4278,150,,,,,4279,54,4280,96,,
1576,4279,59,4278,99,,,4280,158,,,,
1577,4278,115,,,,,4280,115,,,,
1578,4278,150,,,,,4279,50,4280,100,,
1579,4278,142,,,,,4279,142,,,,
1580,4278,108,,,,,4279,108,,,,
1581,4278,127,,,,,4279,127,,,,
1582,4278,121,,,,,4279,121,,,,
1583,4278,92,,,,,4279,92,,,,
1584,4278,123,,,,,4280,123,,,,
1585,4278,112,,,,,4279,112,,,,
1586,4279,96,,,,,4280,37,4281,59,,
1587,4280,131,,,,,4281,131,,,,
1588,4280,140,,,,,4281,140,,,,
1589,4280,63,4279,87,,,4281,150,,,,
1590,4280,43,4279,81,,,4281,124,,,,
1591,4280,150,,,,,4281,150,,,,
1592,4280,141,,,,,4281,141,,,,
1593,4280,130,,,,,4281,36,4282,94,,
1594,4280,149,,,,,4282,149,,,,
1595,4280,122,,,,,4281,55,4282,67,,
1596,4280,147,,,,,4282,147,,,,
1597,4280,128,,,,,4281,36,4282,92,,
1598,4280,143,,,,,4282,143,,,,
1599,4280,127,,,,,4281,60,4282,67,,
1600,4280,106,,,,,4281,46,4282,60,,
1601,4280,141,,,,,4281,141,,,,
1602,4280,111,,,,,4281,111,,,,
1603,4280,131,,,,,4281,131,,,,
1604,4280,131,,,,,4281,61,4282,70,,
1605,4279,127,,,,,4280,40,4281,87,,
1606,4279,100,,,,,4280,100,,,,
1607,4279,119,,,,,4280,119,,,,
1608,4279,127,,,,,4280,127,,,,
1609,4279,145,,,,,4280,145,,,,
1610,4279,102,,,,,4280,102,,,,
1611,4279,112,,,,,4280,112,,,,
1612,4279,135,,,,,4280,135,,,,
1613,4279,111,,,,,4280,111,,,,
1614,4279,92,,,,,4280,92,,,,
1615,4278,118,,,,,4280,118,,,,
1616,4278,133,,,,,4280,133,,,,
1617,4278,95,,,,,4279,35,4280,60,,
1618,4278,125,,,,,4279,125,,,,
1619,4278,112,,,,,4279,57,4280,55,,
1620,4278,113,,,,,4280,113,,,,
1621,4278,118,,,,,4280,118,,,,
1622,4278,121,,,,,4279,35,4280,86,,
1623,4278,128,,,,,4280,128,,,,
1624,4278,126,,,,,4280,126,,,,
1625,4278,136,,,,,4279,136,,,,
1626,4278,52,4277,66,,,4279,118,,,,
1627,4278,42,4277,85,,,4279,127,,,,
1628,4278,51,4277,50,,,4279,101,,,,
1629,4278,140,,,,,4279,140,,,,
1630,4278,58,4277,52,,,4279,110,,,,
1631,4278,64,4277,66,,,4279,130,,,,
1632,4278,113,,,,,4279,113,,,,
1633,4278,134,,,,,4279,134,,,,
1634,4278,41,4277,50,,,4279,91,,,,
1635,4278,108,,,,,4279,108,,,,
1636,4278,109,,,,,4279,109,,,,
1637,4278,160,,,,,4280,153,,,,
1638,4278,118,,,,,4280,118,,,,
1639,4279,46,4278,69,,,4280,115,,,,
1640,4278,124,,,,,4280,124,,,,
1641,4279,47,4278,89,,,4280,136,,,,
1642,4279,130,,,,,4281,130,,,,
1643,4280,64,4279,82,,,4281,146,,,,
1644,4280,37,4279,57,,,4281,94,,,,
1645,4280,155,,,,,4281,155,,,,
1646,4280,41,4279,81,,,4281,122,,,,
1647,4280,118,,,,,4281,118,,,,
1648,4280,135,,,,,4281,127,,,,
1649,4280,125,,,,,4281,52,4282,73,,
1650,4280,159,,,,,4281,62,4282,97,,
1651,4280,122,,,,,4282,122,,,,
1652,4281,65,4280,88,,,4282,153,,,,
1653,4282,56,4281,77,,,4283,133,,,,
1654,4282,153,,,,,4283,153,,,,
1655,4282,61,4281,79,,,4283,140,,,,
1656,4281,133,,,,,4283,133,,,,
1657,4281,103,,,,,4282,39,4283,64,,
1658,4281,129,,,,,4282,129,,,,
1659,4281,51,4280,68,,,4282,119,,,,
1660,4281,48,4280,54,,,4282,102,,,,
1661,4281,113,,,,,4282,113,,,,
1662,4281,140,,,,,4282,45,4283,95,,
1663,4281,135,,,,,4283,126,,,,
1664,4282,42,4281,70,,,4283,112,,,,
1665,4281,144,,,,,4282,9,4283,144,,
1666,4281,126,,,,,4283,126,,,,
1667,4281,133,,,,,4282,133,,,,
1668,4280,97,,,,,4282,97,,,,
1669,4280,131,,,,,4282,131,,,,
1670,4281,112,,,,,4282,112,,,,
1671,4281,54,4280,55,,,4282,109,,,,
1672,4281,38,4280,94,,,4282,132,,,,
1673,4281,42,4280,58,,,4282,100,,,,
1674,4281,35,4280,61,,,4282,96,,,,
1675,4280,133,,,,,4282,133,,,,
1676,4280,153,,,,,4282,153,,,,
1677,4281,59,4280,78,,,4282,137,,,,
1678,4281,130,,,,,4282,130,,,,
1679,4281,62,4280,65,,,4282,127,,,,
1680,4281,110,,,,,4282,110,,,,
1681,4280,133,,,,,4282,133,,,,
1682,4281,48,4280,50,,,4282,98,,,,
1683,4281,53,4280,57,,,4282,110,,,,
1684,4280,157,,,,,4282,157,,,,
1685,4280,126,,,,,4282,126,,,,
1686,4281,100,,,,,4282,100,,,,
1687,4281,57,4280,50,,,4282,107,,,,
1688,4280,135,,,,,4281,37,4282,98,,
1689,4280,158,,,,,4282,158,,,,
1690,4280,158,,,,,4282,158,,,,
1691,4281,44,4280,97,,,4282,141,,,,
1692,4280,136,,,,,4281,45,4282,91,,
1693,4280,134,,,,,4282,134,,,,
1694,4281,65,4280,90,,,4282,155,,,,
1695,4281,63,4280,95,,,4282,158,,,,
1696,4280,128,,,,,4282,128,,,,
1697,4280,110,,,,,4281,49,4282,61,,
1698,4280,126,,,,,4281,126,,,,
1699,4280,127,,,,,4281,57,4282,70,,
1700,4280,111,,,,,4282,111,,,,
1701,4281,130,,,,,4282,130,,,,
1702,4281,39,4280,97,,,4282,136,,,,
1703,4281,53,4280,83,,,4282,136,,,,
1704,4280,127,,,,,4282,127,,,,
1705,4280,126,,,,,4282,126,,,,
1706,4280,125,,,,,4281,62,4282,63,,
1707,4280,121,,,,,4281,55,4282,66,,
1708,4280,45,4279,91,,,4281,136,,,,
1709,4279,147,,,,,4281,147,,,,
1710,4279,143,,,,,4281,143,,,,
1711,4279,119,,,,,4281,119,,,,
1712,4279,150,,,,,4281,150,,,,
1713,4279,118,,,,,4281,118,,,,
1714,4279,128,,,,,4281,128,,,,
1715,4280,48,4279,51,,,4281,99,,,,
1716,4279,112,,,,,4280,60,4281,52,,
1717,4279,116,,,,,4280,42,4281,74,,
1718,4279,119,,,,,4280,119,,,,
1719,4279,135,,,,,4280,60,4281,75,,
1720,4279,151,,,,,4280,151,,,,
1721,4279,146,,,,,4280,63,4281,83,,
1722,4279,126,,,,,4280,48,4281,78,,
1723,4279,119,,,,,4280,44,4281,75,,
1724,4279,115,,,,,4280,115,,,,
1725,4279,124,,,,,4280,124,,,,
1726,4279,133,,,,,4280,50,4281,83,,
1727,4279,118,,,,,4280,40,4281,78,,
1728,4279,136,,,,,4280,136,,,,
1729,4279,118,,,,,4280,40,4281,78,,
1730,4279,164,,,,,4281,164,,,,
1731,4279,122,,,,,4280,65,4281,53,,
1732,4279,148,,,,,4280,58,4281,90,,
1733,4279,147,,,,,4280,147,,,,
1734,4279,129,,,,,4280,129,,,,
1735,4279,128,,,,,4280,128,,,,
1736,4279,96,,,,,4280,96,,,,
1737,4279,155,,,,,4280,155,,,,
1738,4279,120,,,,,4281,120,,,,
1739,4279,153,,,,,4281,153,,,,
1740,4280,144,,,,,4282,144,,,,
1741,4280,144,,,,,4282,144,,,,
1742,4281,55,4280,100,,,4282,155,,,,
1743,4281,49,4280,84,,,4282,133,,,,
1744,4281,131,,,,,4282,131,,,,
1745,4281,134,,,,,4283,134,,,,
1746,4281,115,,,,,4283,115,,,,
1747,4281,140,,,,,4283,140,,,,
1748,4281,143,,,,,4282,59,4283,84,,
1749,4282,46,4281,82,,,4283,128,,,,
1750,4282,48,4281,91,,,4283,139,,,,
1751,4282,54,4281,97,,,4283,151,,,,
1752,4282,41,4281,99,,,4283,140,,,,
1753,4281,163,,,,,4283,163,,,,
1754,4282,119,,,,,4283,119,,,,
1755,4282,87,,,,,4283,87,,,,
1756,4282,128,,,,,4283,128,,,,
1757,4282,146,,,,,4283,146,,,,
1758,4283,132,,,,,4284,132,,,,
1759,4283,113,,,,,4284,113,,,,
1760,4283,88,,,,,4284,88,,,,
1761,4283,88,,,,,4284,88,,,,
1762,4283,112,,,,,4284,112,,,,
1763,4283,149,,,,,4284,149,,,,
1764,4283,112,,,,,4284,112,,,,
1765,4283,113,,,,,4284,61,4285,52,,
1766,4283,155,,,,,4284,58,4285,97,,
1767,4283,104,,,,,4285,104,,,,
1768,4283,120,,,,,4285,120,,,,
1769,4283,130,,,,,4285,130,,,,
1770,4283,151,,,,,4285,151,,,,
1771,4283,138,,,,,4284,56,4285,82,,
1772,4283,155,,,,,4284,57,4285,98,,
1773,4283,136,,,,,4284,54,4285,82,,
1774,4282,119,,,,,4283,62,4284,57,,
1775,4283,44,4282,73,,,4284,117,,,,
1776,4282,133,,,,,4284,133,,,,
1777,4282,97,,,,,4283,40,4284,57,,
1778,4282,115,,,,,4284,115,,,,
1779,4282,160,,,,,4284,160,,,,
1780,4282,96,,,,,4284,96,,,,
1781,4283,138,,,,,4284,138,,,,
1782,4282,140,,,,,4284,140,,,,
1783,4282,63,4281,85,,,4283,148,,,,
1784,4281,149,,,,,4283,149,,,,
1785,4282,58,4281,81,,,4283,139,,,,
1786,4282,110,,,,,4283,110,,,,
1787,4282,104,,,,,4283,104,,,,
1788,4282,145,,,,,4283,145,,,,
1789,4281,111,,,,,4283,111,,,,
1790,4282,144,,,,,4283,144,,,,
1791,4282,121,,,,,4283,121,,,,
1792,4282,142,,,,,4284,142,,,,
1793,4282,121,,,,,4283,121,,,,
1794,4282,115,,,,,4283,115,,,,
1795,4282,131,,,,,4283,39,4284,92,,
1796,4282,136,,,,,4283,136,,,,
1797,4282,151,,,,,4283,151,,,,
1798,4282,128,,,,,4283,128,,,,
1799,4282,36,4281,85,,,4283,121,,,,
1800,4281,119,,,,,4283,119,,,,
1801,4281,146,,,,,4282,50,4283,96,,
1802,4281,138,,,,,4282,138,,,,
1803,4281,63,4280,100,,,4282,163,,,,
1804,4281,48,4280,58,,,4282,106,,,,
1805,4281,38,4280,72,,,4282,110,,,,
1806,4281,50,4280,81,,,4282,131,,,,
1807,4280,154,,,,,4282,154,,,,
1808,4280,41,4279,62,,,4281,103,,,,
1809,4280,37,4279,64,,,4281,101,,,,
1810,4280,58,4279,100,,,4281,158,,,,
1811,4280,133,,,,,4281,36,4282,97,,
1812,4280,43,4279,79,,,4281,122,,,,
1813,4279,115,,,,,4280,115,,,,
1814,4278,90,,,,,4280,90,,,,
1815,4278,106,,,,,4280,106,,,,
1816,4279,50,4278,68,,,4280,118,,,,
1817,4279,44,4278,56,,,4280,100,,,,
1818,4279,47,4278,89,,,4280,136,,,,
1819,4278,132,,,,,4279,57,4280,75,,
1820,4278,98,,,,,4279,98,,,,
1821,4278,98,,,,,4279,98,,,,
1822,4278,136,,,,,4280,136,,,,
1823,4279,42,4278,51,,,4280,93,,,,
1824,4278,117,,,,,4279,53,4280,64,,
1825,4278,140,,,,,4279,140,,,,
1826,4278,108,,,,,4279,108,,,,
1827,4278,133,,,,,4279,133,,,,
1828,4278,48,4277,84,,,4279,132,,,,
1829,4278,53,4277,76,,,4279,129,,,,
1830,4278,106,,,,,4279,106,,,,
1831,4278,53,4277,60,,,4279,113,,,,
1832,4277,155,,,,,4279,155,,,,
1833,4277,119,,,,,4279,119,,,,
1834,4278,157,,,,,4279,157,,,,
1835,4278,148,,,,,4279,148,,,,
1836,4278,112,,,,,4279,41,4280,71,,
1837,4278,127,,,,,4279,127,,,,
1838,4278,65,4277,99,,,4279,164,,,,
1839,4277,151,,,,,4279,151,,,,
1840,4277,62,4276,80,,,4278,142,,,,
1841,4277,149,,,,,4278,149,,,,
1842,4277,152,,,,,4278,152,,,,
1843,4277,48,4276,70,,,4278,118,,,,
1844,4277,40,4276,89,,,4278,129,,,,
1845,4277,103,,,,,4278,103,,,,
1846,4276,128,,,,,4278,128,,,,
1847,4276,146,,,,,4277,65,4278,81,,
1848,4277,108,,,,,4278,108,,,,
1849,4277,61,4276,90,,,4278,151,,,,
1850,4277,126,,,,,4278,132,,,,
1851,4277,105,,,,,4278,105,,,,
1852,4277,98,,,,,4278,98,,,,
1853,4277,146,,,,,4278,61,4279,85,,
1854,4277,111,,,,,4278,111,,,,
1855,4277,63,4276,72,,,4278,135,,,,
1856,4276,137,,,,,4278,137,,,,
1857,4277,114,,,,,4278,114,,,,
1858,4277,114,,,,,4278,114,,,,
1859,4277,160,,,,,4278,160,,,,
1860,4277,52,4276,96,,,4278,148,,,,
1861,4277,94,,,,,4278,94,,,,
1862,4277,158,,,,,4278,158,,,,
1863,4277,155,,,,,4279,155,,,,
1864,4277,120,,,,,4279,120,,,,
1865,4277,109,,,,,4278,109,,,,
1866,4277,55,4276,91,,,4278,146,,,,
1867,4277,147,,,,,4278,147,,,,
1868,4277,115,,,,,4278,115,,,,
1869,4277,121,,,,,4278,121,,,,
1870,4277,62,4276,56,,,4278,109,,,,
1871,4276,134,,,,,4278,134,,,,
1872,4276,56,4275,54,,,4277,110,,,,
1873,4275,143,,,,,4276,55,4277,88,,
1874,4276,51,4275,61,,,4277,112,,,,
1875,4275,159,,,,,4276,64,4277,95,,
1876,4275,129,,,,,4276,43,4277,86,,
1877,4275,120,,,,,4277,120,,,,
1878,4275,105,,,,,4277,105,,,,
1879,4276,60,4275,63,,,4277,123,,,,
1880,4275,99,,,,,4277,99,,,,
1881,4275,114,,,,,4276,46,4277,68,,
1882,4275,129,,,,,4276,46,4277,83,,
1883,4275,116,,,,,4276,109,,,,
1884,4276,40,4275,60,,,4277,100,,,,
1885,4276,5,4275,152,,,4277,152,,,,
1886,4275,110,,,,,4276,37,4277,73,,
1887,4275,115,,,,,4277,115,,,,
1888,4275,46,4274,84,,,4276,130,,,,
1889,4275,143,,,,,4276,143,,,,
1890,4274,109,,,,,4276,109,,,,
1891,4274,121,,,,,4275,65,4276,51,,
1892,4274,137,,,,,4275,137,,,,
1893,4274,125,,,,,4275,125,,,,
1894,4274,116,,,,,4275,116,,,,
1895,4274,139,,,,,4275,139,,,,
1896,4274,140,,,,,4275,51,4276,89,,
1897,4274,161,,,,,4276,151,,,,
1898,4275,86,,,,,4276,86,,,,
1899,4275,142,,,,,4276,55,4277,87,,
1900,4275,142,,,,,4276,59,4277,83,,
1901,4275,121,,,,,4276,62,4277,59,,
1902,4275,106,,,,,4277,106,,,,
1903,4276,57,4275,99,,,4277,156,,,,
1904,4276,41,4275,82,,,4277,123,,,,
1905,4275,104,,,,,4277,104,,,,
1906,4276,137,,,,,4277,137,,,,
1907,4276,138,,,,,4277,57,4278,81,,
1908,4277,132,,,,,4278,132,,,,
1909,4277,114,,,,,4278,114,,,,
1910,4277,148,,,,,4278,148,,,,
1911,4277,146,,,,,4278,63,4279,83,,
1912,4277,130,,,,,4278,130,,,,
1913,4277,83,,,,,4278,92,,,,
1914,4277,146,,,,,4278,146,,,,
1915,4277,100,,,,,4278,39,4279,61,,
1916,4277,152,,,,,4278,152,,,,
1917,4277,127,,,,,4278,39,4279,88,,
1918,4277,126,,,,,4279,126,,,,
1919,4277,143,,,,,4278,143,,,,
1920,4277,110,,,,,4278,48,4279,62,,
1921,4277,125,,,,,4279,125,,,,
1922,4277,110,,,,,4279,110,,,,
1923,4277,139,,,,,4278,139,,,,
1924,4277,127,,,,,4278,58,4279,69,,
1925,4278,37,4277,52,,,4279,89,,,,
1926,4277,118,,,,,4279,118,,,,
1927,4278,112,,,,,4279,112,,,,
1928,4278,37,4277,76,,,4279,113,,,,
1929,4278,129,,,,,4279,129,,,,
1930,4277,125,,,,,4279,125,,,,
1931,4277,127,,,,,4278,40,4279,87,,
1932,4278,42,4277,71,,,4279,113,,,,
1933,4277,147,,,,,4278,62,4279,85,,
1934,4277,48,4276,75,,,4278,123,,,,
1935,4277,39,4276,96,,,4278,135,,,,
1936,4277,65,4276,51,,,4278,116,,,,
1937,4277,56,4276,87,,,4278,143,,,,
1938,4276,140,,,,,4277,60,4278,80,,
1939,4276,133,,,,,4278,133,,,,
1940,4276,135,,,,,4278,135,,,,
1941,4276,99,,,,,4278,99,,,,
1942,4276,57,4275,67,,,4277,124,,,,
1943,4276,112,,,,,4277,112,,,,
1944,4276,115,,,,,4277,115,,,,
1945,4276,58,4275,93,,,4277,151,,,,
1946,4275,149,,,,,4276,149,,,,
1947,4275,157,,,,,4276,59,4277,98,,
1948,4275,56,4274,82,,,4276,138,,,,
1949,4275,119,,,,,4276,119,,,,
1950,4275,36,4274,98,,,4276,134,,,,
1951,4275,41,4274,98,,,4276,139,,,,
1952,4274,129,,,,,4275,39,4276,90,,
1953,4275,140,,,,,4276,140,,,,
1954,4275,136,,,,,4276,136,,,,
1955,4275,63,4274,77,,,4276,140,,,,
1956,4275,46,4274,94,,,4276,140,,,,
1957,4275,60,4274,64,,,4276,124,,,,
1958,4275,38,4274,86,,,4276,124,,,,
1959,4275,50,4274,90,,,4276,140,,,,
1960,4274,129,,,,,4276,129,,,,
1961,4274,156,,,,,4276,156,,,,
1962,4275,127,,,,,4276,127,,,,
1963,4275,132,,,,,4276,45,4277,87,,
1964,4275,143,,,,,4277,143,,,,
1965,4275,124,,,,,4276,61,4277,63,,
1966,4275,135,,,,,4276,40,4277,95,,
1967,4275,111,,,,,4276,54,4277,57,,
1968,4275,148,,,,,4276,55,4277,93,,
1969,4276,55,4275,55,,,4277,110,,,,
1970,4275,112,,,,,4276,51,4277,61,,
1971,4275,168,,,,,4276,158,,,,
1972,4276,105,,,,,4277,105,,,,
1973,4276,55,4275,71,,,4277,126,,,,
1974,4275,140,,,,,4277,140,,,,
1975,4275,115,,,,,4277,115,,,,
1976,4275,123,,,,,4276,35,4277,88,,
1977,4275,122,,,,,4276,53,4277,69,,
1978,4275,142,,,,,4276,47,4277,95,,
1979,4275,152,,,,,4276,59,4277,93,,
1980,4275,153,,,,,4276,144,,,,
1981,4275,110,,,,,4276,110,,,,
1982,4275,132,,,,,4276,61,4277,71,,
1983,4275,129,,,,,4276,64,4277,65,,
1984,4275,151,,,,,4276,52,4277,99,,
1985,4276,109,,,,,4277,52,4278,57,,
1986,4276,111,,,,,4277,41,4278,70,,
1987,4276,127,,,,,4277,37,4278,90,,
1988,4276,144,,,,,4277,58,4278,86,,
1989,4276,127,,,,,4278,119,,,,
1990,4276,136,,,,,4278,136,,,,
1991,4276,106,,,,,4278,106,,,,
1992,4276,109,,,,,4278,109,,,,
1993,4276,132,,,,,4277,39,4278,93,,
1994,4276,93,,,,,4278,93,,,,
1995,4277,55,4276,65,,,4278,120,,,,
1996,4277,48,4276,54,,,4278,102,,,,
1997,4277,108,,,,,4278,108,,,,
1998,4277,53,4276,54,,,4278,107,,,,
1999,4276,130,,,,,4278,130,,,,
2000,4276,109,,,,,4278,109,,,,
2001,4276,147,,,,,4277,63,4278,84,,
2002,4276,111,,,,,4277,52,4278,59,,
2003,4276,65,4275,79,,,4277,144,,,,
2004,4276,136,,,,,4277,136,,,,
2005,4276,101,,,,,4277,101,,,,
2006,4275,102,,,,,4277,102,,,,
2007,4275,103,,,,,4277,103,,,,
2008,4275,42,4274,59,,,4276,101,,,,
2009,4274,111,,,,,4275,41,4276,70,,
2010,4275,36,4274,78,,,4276,114,,,,
2011,4274,96,,,,,4276,96,,,,
2012,4274,98,,,,,4275,41,4276,57,,
2013,4274,137,,,,,4275,137,,,,
2014,4274,90,,,,,4275,90,,,,
2015,4274,120,,,,,4275,120,,,,
2016,4274,147,,,,,4275,147,,,,
2017,4273,103,,,,,4274,38,4275,65,,
2018,4273,123,,,,,4275,123,,,,
2019,4274,45,4273,51,,,4275,96,,,,
2020,4273,125,,,,,4275,125,,,,
2021,4273,101,,,,,4275,101,,,,
2022,4273,109,,,,,4274,57,4275,52,,
2023,4273,131,,,,,4274,64,4275,67,,
2024,4273,90,,,,,4275,90,,,,
2025,4273,136,,,,,4274,136,,,,
2026,4273,92,,,,,4274,40,4275,52,,
2027,4274,135,,,,,4275,135,,,,
2028,4274,141,,,,,4275,56,4276,85,,
2029,4274,139,,,,,4275,41,4276,98,,
2030,4274,89,,,,,4276,89,,,,
2031,4274,136,,,,,4276,136,,,,
2032,4274,131,,,,,4276,131,,,,
2033,4274,106,,,,,4276,106,,,,
2034,4274,129,,,,,4276,129,,,,
2035,4274,138,,,,,4275,41,4276,97,,
2036,4274,132,,,,,4275,42,4276,90,,
2037,4274,116,,,,,4275,59,4276,57,,
2038,4274,142,,,,,4275,142,,,,
2039,4274,122,,,,,4275,122,,,,
2040,4274,99,,,,,4275,99,,,,
2041,4274,109,,,,,4275,54,4276,55,,
2042,4274,144,,,,,4275,47,4276,97,,
2043,4274,124,,,,,4275,124,,,,
2044,4274,118,,,,,4275,46,4276,72,,
2045,4274,113,,,,,4275,63,4276,50,,
2046,4275,51,4274,50,,,4276,101,,,,
2047,4274,93,,,,,4276,93,,,,
2048,4274,102,,,,,4275,102,,,,
2049,4274,149,,,,,4275,149,,,,
2050,4274,139,,,,,4275,139,,,,
2051,4274,128,,,,,4275,128,,,,
2052,4274,101,,,,,4275,38,4276,63,,
2053,4274,144,,,,,4275,46,4276,98,,
2054,4275,63,4274,80,,,4276,143,,,,
2055,4275,143,,,,,4276,143,,,,
2056,4275,38,4274,81,,,4276,119,,,,
2057,4274,100,,,,,4276,100,,,,
2058,4275,110,,,,,4276,110,,,,
2059,4275,134,,,,,4276,128,,,,
2060,4275,122,,,,,4276,122,,,,
2061,4275,93,,,,,4276,93,,,,
2062,4275,120,,,,,4276,120,,,,
2063,4275,140,,,,,4276,140,,,,
2064,4275,106,,,,,4276,106,,,,
2065,4275,124,,,,,4276,124,,,,
2066,4275,147,,,,,4276,147,,,,
2067,4275,157,,,,,4276,157,,,,
2068,4275,101,,,,,4276,101,,,,
2069,4275,58,4274,62,,,4276,120,,,,
2070,4274,138,,,,,4275,138,,,,
2071,4274,155,,,,,4275,60,4276,95,,
2072,4274,142,,,,,4275,142,,,,
2073,4274,99,,,,,4275,49,4276,50,,
2074,4274,133,,,,,4275,45,4276,88,,
2075,4274,135,,,,,4275,43,4276,92,,
2076,4274,106,,,,,4275,106,,,,
2077,4274,96,,,,,4275,96,,,,
2078,4274,132,,,,,4275,132,,,,
2079,4274,47,4273,89,,,4275,136,,,,
2080,4274,48,4273,99,,,4275,147,,,,
2081,4273,134,,,,,4275,134,,,,
2082,4273,129,,,,,4275,129,,,,
2083,4273,130,,,,,4275,130,,,,
2084,4273,116,,,,,4275,116,,,,
2085,4273,120,,,,,4275,120,,,,
2086,4273,125,,,,,4275,125,,,,
2087,4273,53,4272,88,,,4274,141,,,,
2088,4273,62,4272,78,,,4274,140,,,,
2089,4273,145,,,,,4274,145,,,,
2090,4273,125,,,,,4274,125,,,,
2091,4273,96,,,,,4274,43,4275,53,,
2092,4274,135,,,,,4275,135,,,,
2093,4273,113,,,,,4275,113,,,,
2094,4274,53,4273,84,,,4275,137,,,,
2095,4274,53,4273,100,,,4275,153,,,,
2096,4274,56,4273,86,,,4275,142,,,,
2097,4274,127,,,,,4275,127,,,,
2098,4274,131,,,,,4275,131,,,,
2099,4274,42,4273,90,,,4275,132,,,,
2100,4274,36,4273,56,,,4275,92,,,,
2101,4274,57,4273,96,,,4275,153,,,,
2102,4274,55,4273,91,,,4275,146,,,,
2103,4274,118,,,,,4275,118,,,,
2104,4274,51,4273,61,,,4275,112,,,,
2105,4275,52,4274,52,,,4276,104,,,,
2106,4275,142,,,,,4276,142,,,,
2107,4275,62,4274,78,,,4276,140,,,,
2108,4275,52,4274,81,,,4276,133,,,,
2109,4275,44,4274,52,,,4276,96,,,,
2110,4275,137,,,,,4276,137,,,,
2111,4275,114,,,,,4276,114,,,,
2112,4275,163,,,,,4276,163,,,,
2113,4275,100,,,,,4276,100,,,,
2114,4275,139,,,,,4277,139,,,,
2115,4275,100,,,,,4277,100,,,,
2116,4275,124,,,,,4277,124,,,,
2117,4275,101,,,,,4277,101,,,,
2118,4275,134,,,,,4276,56,4277,87,,
2119,4275,152,,,,,4276,54,4277,94,,
2120,4275,115,,,,,4276,41,4277,74,,
2121,4275,114,,,,,4276,58,4277,56,,
2122,4275,116,,,,,4276,64,4277,52,,
2123,4275,115,,,,,4276,37,4277,78,,
2124,4275,100,,,,,4276,50,4277,50,,
2125,4275,127,,,,,4276,40,4277,87,,
2126,4274,120,,,,,4275,51,4276,69,,
2127,4274,90,,,,,4275,39,4276,51,,
2128,4274,142,,,,,4275,47,4276,95,,
2129,4274,121,,,,,4275,121,,,,
2130,4274,145,,,,,4275,145,,,,
2131,4274,138,,,,,4275,49,4276,89,,
2132,4274,127,,,,,4275,43,4276,84,,
2133,4274,105,,,,,4275,55,4276,50,,
2134,4274,115,,,,,4276,115,,,,
2135,4274,125,,,,,4276,125,,,,
2136,4274,114,,,,,4276,114,,,,
2137,4274,148,,,,,4276,148,,,,
2138,4274,106,,,,,4276,106,,,,
2139,4275,138,,,,,4276,138,,,,
2140,4275,57,4274,54,,,4276,111,,,,
2141,4274,107,,,,,4275,107,,,,
2142,4274,131,,,,,4275,61,4276,70,,
2143,4274,101,,,,,4275,50,4276,51,,
2144,4274,142,,,,,4276,142,,,,
2145,4274,121,,,,,4275,4,4276,121,,
2146,4274,102,,,,,4276,102,,,,
2147,4275,59,4274,66,,,4276,125,,,,
2148,4275,43,4274,69,,,4276,112,,,,
2149,4274,107,,,,,4276,107,,,,
2150,4274,142,,,,,4276,142,,,,
2151,4274,105,,,,,4275,39,4276,66,,
2152,4274,157,,,,,4275,58,4276,99,,
2153,4274,125,,,,,4275,125,,,,
2154,4274,137,,,,,4275,137,,,,
2155,4274,156,,,,,4275,156,,,,
2156,4273,98,,,,,4275,98,,,,
2157,4273,162,,,,,4275,162,,,,
2158,4273,94,,,,,4275,94,,,,
2159,4273,140,,,,,4275,140,,,,
2160,4273,156,,,,,4275,156,,,,
2161,4273,133,,,,,4275,133,,,,
2162,4273,128,,,,,4275,128,,,,
2163,4273,124,,,,,4274,44,4275,80,,
2164,4274,45,4273,60,,,4275,105,,,,
2165,4274,156,,,,,4275,156,,,,
2166,4274,63,4273,75,,,4275,138,,,,
2167,4274,44,4273,86,,,4275,130,,,,
2168,4273,160,,,,,4274,65,4275,95,,
2169,4273,134,,,,,4275,134,,,,
2170,4274,40,4273,75,,,4275,115,,,,
2171,4274,136,,,,,4275,46,4276,90,,
2172,4274,115,,,,,4275,59,4276,56,,
2173,4274,110,,,,,4275,45,4276,65,,
2174,4274,121,,,,,4275,52,4276,69,,
2175,4275,125,,,,,4277,125,,,,
2176,4275,130,,,,,4277,121,,,,
2177,4275,115,,,,,4277,115,,,,
2178,4275,129,,,,,4276,42,4277,87,,
2179,4275,138,,,,,4276,138,,,,
2180,4275,127,,,,,4276,127,,,,
2181,4275,43,4274,96,,,4276,139,,,,
2182,4275,143,,,,,4276,143,,,,
2183,4275,99,,,,,4276,109,,,,
2184,4275,46,4274,88,,,4276,134,,,,
2185,4274,123,,,,,4276,123,,,,
2186,4274,108,,,,,4275,52,4276,56,,
2187,4274,49,4273,61,,,4275,110,,,,
2188,4274,52,4273,92,,,4275,144,,,,
2189,4274,127,,,,,4276,127,,,,
2190,4275,60,4274,72,,,4276,132,,,,
2191,4275,41,4274,71,,,4276,112,,,,
2192,4275,60,4274,91,,,4276,151,,,,
2193,4274,116,,,,,4276,116,,,,
2194,4274,115,,,,,4276,115,,,,
2195,4274,108,,,,,4275,35,4276,73,,
2196,4274,124,,,,,4275,56,4276,68,,
2197,4274,142,,,,,4275,58,4276,84,,
2198,4274,120,,,,,4275,51,4276,69,,
2199,4274,135,,,,,4275,54,4276,81,,
2200,4274,137,,,,,4275,54,4276,83,,
2201,4274,143,,,,,4275,47,4276,96,,
2202,4274,120,,,,,4275,36,4276,84,,
2203,4274,109,,,,,4275,109,,,,
2204,4273,87,,,,,4275,87,,,,
2205,4273,118,,,,,4274,42,4275,76,,
2206,4273,103,,,,,4274,48,4275,55,,
2207,4273,135,,,,,4274,135,,,,
2208,4273,133,,,,,4274,133,,,,
2209,4272,128,,,,,4274,128,,,,
2210,4272,123,,,,,4273,123,,,,
2211,4272,54,4271,55,,,4273,109,,,,
2212,4272,43,4271,71,,,4273,114,,,,
2213,4272,65,4271,66,,,4273,131,,,,
2214,4272,61,4271,67,,,4273,128,,,,
2215,4272,47,4271,65,,,4273,112,,,,
2216,4273,87,,,,,4274,87,,,,
2217,4273,36,4272,71,,,4274,107,,,,
2218,4273,128,,,,,4274,128,,,,
2219,4273,142,,,,,4274,142,,,,
2220,4273,45,4272,85,,,4274,130,,,,
2221,4273,60,4272,85,,,4274,145,,,,
2222,4272,160,,,,,4273,60,4274,100,,
2223,4272,123,,,,,4273,63,4274,60,,
2224,4272,58,4271,82,,,4273,140,,,,
2225,4271,126,,,,,4272,65,4273,61,,
2226,4271,144,,,,,4272,38,4273,100,,
2227,4271,105,,,,,4273,105,,,,
2228,4271,136,,,,,4272,136,,,,
2229,4272,48,4271,94,,,4273,142,,,,
2230,4271,141,,,,,4273,141,,,,
2231,4271,122,,,,,4273,122,,,,
2232,4272,128,,,,,4273,128,,,,
2233,4272,136,,,,,4273,42,4274,94,,
2234,4272,111,,,,,4273,60,4274,51,,
2235,4272,140,,,,,4273,50,4274,90,,
2236,4272,95,,,,,4274,95,,,,
2237,4272,99,,,,,4274,99,,,,
2238,4272,158,,,,,4274,158,,,,
2239,4272,137,,,,,4273,59,4274,78,,
2240,4272,153,,,,,4274,153,,,,
2241,4272,165,,,,,4274,165,,,,
2242,4272,144,,,,,4274,144,,,,
2243,4272,105,,,,,4273,53,4274,52,,
2244,4272,124,,,,,4273,124,,,,
2245,4272,149,,,,,4273,149,,,,
2246,4272,143,,,,,4273,143,,,,
2247,4272,62,4271,81,,,4273,143,,,,
2248,4271,125,,,,,4273,125,,,,
2249,4271,126,,,,,4273,126,,,,
2250,4271,124,,,,,4273,124,,,,
2251,4271,140,,,,,4273,140,,,,
2252,4272,46,4271,54,,,4273,100,,,,
2253,4273,54,4272,65,,,4274,119,,,,
2254,4273,52,4272,98,,,4274,150,,,,
2255,4272,38,4271,62,,,4273,100,,,,
2256,4271,139,,,,,4273,139,,,,
2257,4272,115,,,,,4274,115,,,,
2258,4272,92,,,,,4273,40,4274,52,,
2259,4272,110,,,,,4273,110,,,,
2260,4271,140,,,,,4273,140,,,,
2261,4271,141,,,,,4273,141,,,,
2262,4271,123,,,,,4272,63,4273,60,,
2263,4271,144,,,,,4272,39,4273,100,,
2264,4271,120,,,,,4272,120,,,,
2265,4271,154,,,,,4272,154,,,,
2266,4271,43,4270,58,,,4272,101,,,,
2267,4271,45,4270,67,,,4272,112,,,,
2268,4271,52,4270,67,,,4272,119,,,,
2269,4270,155,,,,,4272,155,,,,
2270,4270,126,,,,,4272,126,,,,
2271,4270,92,,,,,4272,92,,,,
2272,4270,121,,,,,4272,121,,,,
2273,4270,91,,,,,4272,91,,,,
2274,4270,109,,,,,4272,109,,,,
2275,4270,142,,,,,4271,52,4272,90,,
2276,4270,125,,,,,4272,125,,,,
2277,4270,136,,,,,4271,39,4272,97,,
2278,4270,139,,,,,4271,139,,,,
2279,4270,141,,,,,4272,141,,,,
2280,4271,142,,,,,4272,44,4273,98,,
2281,4271,100,,,,,4272,46,4273,54,,
2282,4271,121,,,,,4272,39,4273,82,,
2283,4271,118,,,,,4272,118,,,,
2284,4271,99,,,,,4272,99,,,,
2285,4270,118,,,,,4271,42,4272,76,,
2286,4270,141,,,,,4271,56,4272,85,,
2287,4270,150,,,,,4271,55,4272,95,,
2288,4270,127,,,,,4271,127,,,,
2289,4270,146,,,,,4272,146,,,,
2290,4270,109,,,,,4272,109,,,,
2291,4271,42,4270,55,,,4272,97,,,,
2292,4270,120,,,,,4272,120,,,,
2293,4270,147,,,,,4272,147,,,,
2294,4271,50,4270,75,,,4272,125,,,,
2295,4270,148,,,,,4272,148,,,,
2296,4270,115,,,,,4272,109,,,,
2297,4270,151,,,,,4272,151,,,,
2298,4270,126,,,,,4272,126,,,,
2299,4270,122,,,,,4272,122,,,,
2300,4270,126,,,,,4272,126,,,,
2301,4270,94,,,,,4272,102,,,,
2302,4270,142,,,,,4272,142,,,,
2303,4272,60,4271,65,,,4273,125,,,,
2304,4272,134,,,,,4273,134,,,,
2305,4272,52,4271,97,,,4273,154,,,,
2306,4272,61,4271,53,,,4273,114,,,,
2307,4272,40,4271,58,,,4273,98,,,,
2308,4272,40,4271,91,,,4273,131,,,,
2309,4272,131,,,,,4273,131,,,,
2310,4272,117,,,,,4273,117,,,,
2311,4272,115,,,,,4274,115,,,,
2312,4272,125,,,,,4274,125,,,,
2313,4272,107,,,,,4273,54,4274,53,,
2314,4272,137,,,,,4273,131,,,,
2315,4272,104,,,,,4273,104,,,,
2316,4272,142,,,,,4273,44,4274,98,,
2317,4272,103,,,,,4273,48,4274,55,,
2318,4272,126,,,,,4273,37,4274,89,,
2319,4272,108,,,,,4273,108,,,,
2320,4272,119,,,,,4273,45,4274,74,,
2321,4272,105,,,,,4273,105,,,,
2322,4271,147,,,,,4272,147,,,,
2323,4271,62,4270,71,,,4272,133,,,,
2324,4270,117,,,,,4272,117,,,,
2325,4271,48,4270,66,,,4272,114,,,,
2326,4271,36,4270,73,,,4272,109,,,,
2327,4271,35,4270,87,,,4272,122,,,,
2328,4271,118,,,,,4272,61,4273,57,,
2329,4271,99,,,,,4272,99,,,,
2330,4271,134,,,,,4272,134,,,,
2331,4271,117,,,,,4272,117,,,,
2332,4271,145,,,,,4272,145,,,,
2333,4272,48,4271,70,,,4273,118,,,,
2334,4272,113,,,,,4273,113,,,,
2335,4272,126,,,,,4273,126,,,,
2336,4272,125,,,,,4273,125,,,,
2337,4272,125,,,,,4273,125,,,,
2338,4271,159,,,,,4272,63,4273,96,,
2339,4271,101,,,,,4272,101,,,,
2340,4271,134,,,,,4272,134,,,,
2341,4271,153,,,,,4272,153,,,,
2342,4271,141,,,,,4272,141,,,,
2343,4271,143,,,,,4272,143,,,,
2344,4271,93,,,,,4272,97,,,,
2345,4271,159,,,,,4272,159,,,,
2346,4271,103,,,,,4272,103,,,,
2347,4271,112,,,,,4273,112,,,,
2348,4271,95,,,,,4272,95,,,,
2349,4271,104,,,,,4272,112,,,,
2350,4271,131,,,,,4272,122,,,,
2351,4270,124,,,,,4271,61,4272,63,,
2352,4270,138,,,,,4271,40,4272,98,,
2353,4270,127,,,,,4271,127,,,,
2354,4270,147,,,,,4271,147,,,,
2355,4270,125,,,,,4271,125,,,,
2356,4270,102,,,,,4271,102,,,,
2357,4270,121,,,,,4271,50,4272,71,,
2358,4270,123,,,,,4271,37,4272,86,,
2359,4270,136,,,,,4271,136,,,,
2360,4270,150,,,,,4271,61,4272,89,,
2361,4270,131,,,,,4271,50,4272,81,,
2362,4270,148,,,,,4271,56,4272,92,,
2363,4270,132,,,,,4271,45,4272,87,,
2364,4270,149,,,,,4271,50,4272,99,,
2365,4270,115,,,,,4271,53,4272,62,,
2366,4270,119,,,,,4272,119,,,,
2367,4270,152,,,,,4272,152,,,,
2368,4270,135,,,,,4272,135,,,,
2369,4272,49,4271,87,,,4273,136,,,,
2370,4272,128,,,,,4273,128,,,,
2371,4272,146,,,,,4273,146,,,,
2372,4272,146,,,,,4273,146,,,,
2373,4272,7,4271,123,,,4273,123,,,,
2374,4272,39,4271,96,,,4273,135,,,,
2375,4272,42,4271,96,,,4273,138,,,,
2376,4271,130,,,,,4273,130,,,,
2377,4272,148,,,,,4273,148,,,,
2378,4272,130,,,,,4273,130,,,,
2379,4272,138,,,,,4273,138,,,,
2380,4272,58,4271,55,,,4273,113,,,,
2381,4272,101,,,,,4273,101,,,,
2382,4272,131,,,,,4273,131,,,,
2383,4272,151,,,,,4274,151,,,,
2384,4272,116,,,,,4274,116,,,,
2385,4273,62,4272,74,,,4274,136,,,,
2386,4273,36,4272,63,,,4274,99,,,,
2387,4272,116,,,,,4274,116,,,,
2388,4272,110,,,,,4273,110,,,,
2389,4272,37,4271,56,,,4273,93,,,,
2390,4272,156,,,,,4273,156,,,,
2391,4272,44,4271,97,,,4273,141,,,,
2392,4272,50,4271,70,,,4273,120,,,,
2393,4272,62,4271,100,,,4273,162,,,,
2394,4272,43,4271,84,,,4273,127,,,,
2395,4271,115,,,,,4273,115,,,,
2396,4272,38,4271,76,,,4273,114,,,,
2397,4272,63,4271,77,,,4273,140,,,,
2398,4272,52,4271,55,,,4273,107,,,,
2399,4271,135,,,,,4273,135,,,,
2400,4271,138,,,,,4272,65,4273,73,,
2401,4271,111,,,,,4272,44,4273,67,,
2402,4271,147,,,,,4272,147,,,,
2403,4271,156,,,,,4272,62,4273,94,,
2404,4271,116,,,,,4272,37,4273,79,,
2405,4271,137,,,,,4273,137,,,,
2406,4271,144,,,,,4273,144,,,,
2407,4271,120,,,,,4272,50,4273,70,,
2408,4271,131,,,,,4272,60,4273,71,,
2409,4271,109,,,,,4272,53,4273,56,,
2410,4271,115,,,,,4272,65,4273,50,,
2411,4271,139,,,,,4272,139,,,,
2412,4271,123,,,,,4272,123,,,,
2413,4270,130,,,,,4272,130,,,,
2414,4270,117,,,,,4271,36,4272,81,,
2415,4270,103,,,,,4271,51,4272,52,,
2416,4270,139,,,,,4271,139,,,,
2417,4270,50,4269,87,,,4271,137,,,,
2418,4270,132,,,,,4271,132,,,,
2419,4270,136,,,,,4271,52,4272,84,,
2420,4270,134,,,,,4271,63,4272,71,,
2421,4270,115,,,,,4272,115,,,,
2422,4270,123,,,,,4272,123,,,,
2423,4271,144,,,,,4272,144,,,,
2424,4271,120,,,,,4272,40,4273,80,,
2425,4271,92,,,,,4272,36,4273,56,,
2426,4271,153,,,,,4273,153,,,,
2427,4271,149,,,,,4273,149,,,,
2428,4271,149,,,,,4272,54,4273,95,,
2429,4271,132,,,,,4272,132,,,,
2430,4271,132,,,,,4272,132,,,,
2431,4271,110,,,,,4272,110,,,,
2432,4271,97,,,,,4272,97,,,,
2433,4271,105,,,,,4272,105,,,,
2434,4271,152,,,,,4272,152,,,,
2435,4271,119,,,,,4272,119,,,,
2436,4271,101,,,,,4272,43,4273,58,,
2437,4271,142,,,,,4273,142,,,,
2438,4271,113,,,,,4272,54,4273,59,,
2439,4271,132,,,,,4272,37,4273,95,,
2440,4271,146,,,,,4272,146,,,,
2441,4271,126,,,,,4272,126,,,,
2442,4271,125,,,,,4272,125,,,,
2443,4271,148,,,,,4272,148,,,,
2444,4271,121,,,,,4272,121,,,,
2445,4271,136,,,,,4272,136,,,,
2446,4271,102,,,,,4272,102,,,,
2447,4271,95,,,,,4272,95,,,,
2448,4271,111,,,,,4272,53,4273,58,,
2449,4271,119,,,,,4272,43,4273,76,,
2450,4271,118,,,,,4272,55,4273,63,,
2451,4271,119,,,,,4272,119,,,,
2452,4271,120,,,,,4272,120,,,,
2453,4271,104,,,,,4272,104,,,,
2454,4270,112,,,,,4272,112,,,,
2455,4270,139,,,,,4272,139,,,,
2456,4271,59,4270,95,,,4272,154,,,,
2457,4271,99,,,,,4272,35,4273,64,,
2458,4271,133,,,,,4272,36,4273,97,,
2459,4271,110,,,,,4272,116,,,,
2460,4271,141,,,,,4272,65,4273,76,,
2461,4271,130,,,,,4272,130,,,,
2462,4271,126,,,,,4272,46,4273,80,,
2463,4271,132,,,,,4272,39,4273,93,,
2464,4271,126,,,,,4272,62,4273,64,,
2465,4271,120,,,,,4272,120,,,,
2466,4271,128,,,,,4272,57,4273,71,,
2467,4271,131,,,,,4272,131,,,,
2468,4271,137,,,,,4272,137,,,,
2469,4271,115,,,,,4272,115,,,,
2470,4271,146,,,,,4272,146,,,,
2471,4271,40,4270,99,,,4272,139,,,,
2472,4271,53,4270,69,,,4272,122,,,,
2473,4271,64,4270,100,,,4272,164,,,,
2474,4271,111,,,,,4272,117,,,,
2475,4271,54,4270,67,,,4272,121,,,,
2476,4271,145,,,,,4272,145,,,,
2477,4271,127,,,,,4272,127,,,,
2478,4270,116,,,,,4271,40,4272,76,,
2479,4270,172,,,,,4271,163,,,,
2480,4269,108,,,,,4270,58,4271,50,,
2481,4269,39,4268,82,,,4270,121,,,,
2482,4269,90,,,,,4270,90,,,,
2483,4270,50,4269,97,,,4271,147,,,,
2484,4269,127,,,,,4270,127,,,,
2485,4269,124,,,,,4270,51,4271,73,,
2486,4269,142,,,,,4270,142,,,,
2487,4269,107,,,,,4271,107,,,,
2488,4270,110,,,,,4271,110,,,,
2489,4270,89,,,,,4272,89,,,,
2490,4270,154,,,,,4271,61,4272,93,,
2491,4270,104,,,,,4271,36,4272,68,,
2492,4270,111,,,,,4271,51,4272,60,,
2493,4270,102,,,,,4271,102,,,,
2494,4270,138,,,,,4271,138,,,,
2495,4270,56,4269,85,,,4271,141,,,,
2496,4270,133,,,,,4271,133,,,,
2497,4270,114,,,,,4271,114,,,,
2498,4270,119,,,,,4271,119,,,,
2499,4270,108,,,,,4271,108,,,,
2500,4270,155,,,,,4271,155,,,,
2501,4270,98,,,,,4271,98,,,,
2502,4270,101,,,,,4271,101,,,,
2503,4269,114,,,,,4271,114,,,,
2504,4269,121,,,,,4270,121,,,,
2505,4269,143,,,,,4270,143,,,,
2506,4269,117,,,,,4270,117,,,,
2507,4269,132,,,,,4270,132,,,,
2508,4269,118,,,,,4270,118,,,,
2509,4269,131,,,,,4270,131,,,,
2510,4269,103,,,,,4270,38,4271,65,,
2511,4270,115,,,,,4271,35,4272,80,,
2512,4270,149,,,,,4271,65,4272,84,,
2513,4271,57,4270,84,,,4272,141,,,,
2514,4271,38,4270,75,,,4272,113,,,,
2515,4271,40,4270,90,,,4272,130,,,,
2516,4270,145,,,,,4272,145,,,,
2517,4271,41,4270,78,,,4272,119,,,,
2518,4270,92,,,,,4272,92,,,,
2519,4270,130,,,,,4271,60,4272,70,,
2520,4270,130,,,,,4272,130,,,,
2521,4271,54,4270,87,,,4272,145,,,,
2522,4270,105,,,,,4272,105,,,,
2523,4270,114,,,,,4271,114,,,,
2524,4270,110,,,,,4271,110,,,,
2525,4270,118,,,,,4271,118,,,,
2526,4270,114,,,,,4271,114,,,,
2527,4270,132,,,,,4271,132,,,,
2528,4270,109,,,,,4271,109,,,,
2529,4270,91,,,,,4271,38,4272,53,,
2530,4270,91,,,,,4272,91,,,,
2531,4270,143,,,,,4271,52,4272,91,,
2532,4270,121,,,,,4271,64,4272,57,,
2533,4270,142,,,,,4271,59,4272,83,,
2534,4270,133,,,,,4271,42,4272,91,,
2535,4270,128,,,,,4271,128,,,,
2536,4270,122,,,,,4272,122,,,,
2537,4271,39,4270,73,,,4272,112,,,,
2538,4270,141,,,,,4271,35,4272,96,,
2539,4270,128,,,,,4271,61,4272,67,,
2540,4271,45,4270,63,,,4272,108,,,,
2541,4271,45,4270,88,,,4272,133,,,,
2542,4270,98,,,,,4272,98,,,,
2543,4270,128,,,,,4271,128,,,,
2544,4270,47,4269,59,,,4271,106,,,,
2545,4269,143,,,,,4271,143,,,,
2546,4269,117,,,,,4270,117,,,,
2547,4268,146,,,,,4269,62,4270,84,,
2548,4269,54,4268,83,,,4270,137,,,,
2549,4269,114,,,,,4270,114,,,,
2550,4269,110,,,,,4270,60,4271,50,,
2551,4270,128,,,,,4271,128,,,,
2552,4270,44,4269,91,,,4271,135,,,,
2553,4270,123,,,,,4271,119,,,,
2554,4270,145,,,,,4271,145,,,,
2555,4270,118,,,,,4271,118,,,,
2556,4270,95,,,,,4271,95,,,,
2557,4270,147,,,,,4271,147,,,,
2558,4270,153,,,,,4271,153,,,,
2559,4270,123,,,,,4271,123,,,,
2560,4270,137,,,,,4271,137,,,,
2561,4270,156,,,,,4271,62,4272,94,,
2562,4270,59,4269,98,,,4271,157,,,,
2563,4270,41,4269,79,,,4271,120,,,,
2564,4270,141,,,,,4271,141,,,,
2565,4270,87,,,,,4271,87,,,,
2566,4269,112,,,,,4271,112,,,,
2567,4270,63,4269,70,,,4271,133,,,,
2568,4270,53,4269,72,,,4271,125,,,,
2569,4270,145,,,,,4271,50,4272,95,,
2570,4270,129,,,,,4272,129,,,,
2571,4270,100,,,,,4271,47,4272,53,,
2572,4270,136,,,,,4272,136,,,,
2573,4270,131,,,,,4272,131,,,,
2574,4270,106,,,,,4272,106,,,,
2575,4270,127,,,,,4272,127,,,,
2576,4270,113,,,,,4271,39,4272,74,,
2577,4270,99,,,,,4272,99,,,,
2578,4270,137,,,,,4272,137,,,,
2579,4271,45,4270,74,,,4272,119,,,,
2580,4271,122,,,,,4273,122,,,,
2581,4271,143,,,,,4272,51,4273,92,,
2582,4271,118,,,,,4273,118,,,,
2583,4272,125,,,,,4273,125,,,,
2584,4272,116,,,,,4273,116,,,,
2585,4272,133,,,,,4273,133,,,,
2586,4272,104,,,,,4273,104,,,,
2587,4272,131,,,,,4273,131,,,,
2588,4272,107,,,,,4273,107,,,,
2589,4272,108,,,,,4273,36,4274,72,,
2590,4272,146,,,,,4273,146,,,,
2591,4273,52,4272,91,,,4274,143,,,,
2592,4273,139,,,,,4274,139,,,,
2593,4273,118,,,,,4274,118,,,,
2594,4273,43,4272,85,,,4274,128,,,,
2595,4273,150,,,,,4274,150,,,,
2596,4273,156,,,,,4274,156,,,,
2597,4273,148,,,,,4274,54,4275,94,,
2598,4274,137,,,,,4275,137,,,,
2599,4273,117,,,,,4275,117,,,,
2600,4273,110,,,,,4275,110,,,,
2601,4273,136,,,,,4274,42,4275,94,,
2602,4273,128,,,,,4274,128,,,,
2603,4273,107,,,,,4274,107,,,,
2604,4273,39,4272,90,,,4274,129,,,,
2605,4273,57,4272,72,,,4274,129,,,,
2606,4273,114,,,,,4274,114,,,,
2607,4273,143,,,,,4274,54,4275,94,,
2608,4273,106,,,,,4274,106,,,,
2609,4272,137,,,,,4273,58,4274,79,,
2610,4272,146,,,,,4274,146,,,,
2611,4272,111,,,,,4274,111,,,,
2612,4272,91,,,,,4274,91,,,,
2613,4272,108,,,,,4274,108,,,,
2614,4273,38,4272,88,,,4274,126,,,,
2615,4273,116,,,,,4274,116,,,,
2616,4272,131,,,,,4273,6,4274,131,,
2617,4273,46,4272,99,,,4274,145,,,,
2618,4274,117,,,,,4275,117,,,,
2619,4274,58,4273,96,,,4275,154,,,,
2620,4274,57,4273,100,,,4275,157,,,,
2621,4274,153,,,,,4275,153,,,,
2622,4274,134,,,,,4275,125,,,,
2623,4274,122,,,,,4275,63,4276,59,,
2624,4274,133,,,,,4275,133,,,,
2625,4274,132,,,,,4275,132,,,,
2626,4273,116,,,,,4275,116,,,,
2627,4273,101,,,,,4274,101,,,,
2628,4273,146,,,,,4275,146,,,,
2629,4274,44,4273,85,,,4275,129,,,,
2630,4273,117,,,,,4275,117,,,,
2631,4273,138,,,,,4274,138,,,,
2632,4273,92,,,,,4274,92,,,,
2633,4273,115,,,,,4275,115,,,,
2634,4273,110,,,,,4275,110,,,,
2635,4273,101,,,,,4275,101,,,,
2636,4273,105,,,,,4275,105,,,,
2637,4273,116,,,,,4275,116,,,,
2638,4274,131,,,,,4276,131,,,,
2639,4275,40,4274,66,,,4276,106,,,,
2640,4274,161,,,,,4276,161,,,,
2641,4274,109,,,,,4275,35,4276,74,,
2642,4274,114,,,,,4276,114,,,,
2643,4274,142,,,,,4275,51,4276,99,,
2644,4274,104,,,,,4275,104,,,,
2645,4274,143,,,,,4275,60,4276,83,,
2646,4274,95,,,,,4275,95,,,,
2647,4274,133,,,,,4275,46,4276,94,,
2648,4274,117,,,,,4275,117,,,,
2649,4274,107,,,,,4276,107,,,,
2650,4274,118,,,,,4275,118,,,,
2651,4274,137,,,,,4276,137,,,,
2652,4274,114,,,,,4275,114,,,,
2653,4274,96,,,,,4275,96,,,,
2654,4274,99,,,,,4275,99,,,,
2655,4274,120,,,,,4275,120,,,,
2656,4274,130,,,,,4275,130,,,,
2657,4274,114,,,,,4275,114,,,,
2658,4274,99,,,,,4275,38,4276,61,,
2659,4274,127,,,,,4276,127,,,,
2660,4274,101,,,,,4275,40,4276,61,,
2661,4273,119,,,,,4275,119,,,,
2662,4274,62,4273,90,,,4275,152,,,,
2663,4274,137,,,,,4275,137,,,,
2664,4274,139,,,,,4275,139,,,,
2665,4274,160,,,,,4275,151,,,,
2666,4274,98,,,,,4276,98,,,,
2667,4275,42,4274,68,,,4276,110,,,,
2668,4275,113,,,,,4276,113,,,,
2669,4275,124,,,,,4276,124,,,,
2670,4275,91,,,,,4276,91,,,,
2671,4275,125,,,,,4276,125,,,,
2672,4275,37,4274,69,,,4276,106,,,,
2673,4274,158,,,,,4276,158,,,,
2674,4275,36,4274,52,,,4276,88,,,,
2675,4274,103,,,,,4276,103,,,,
2676,4274,43,4273,58,,,4275,101,,,,
2677,4274,131,,,,,4275,52,4276,79,,
2678,4274,44,4273,92,,,4275,136,,,,
2679,4274,57,4273,94,,,4275,151,,,,
2680,4274,102,,,,,4275,102,,,,
2681,4274,121,,,,,4275,121,,,,
2682,4274,144,,,,,4275,144,,,,
2683,4274,99,,,,,4276,99,,,,
2684,4275,71,4274,52,,,4276,117,,,,
2685,4274,118,,,,,4276,118,,,,
2686,4274,142,,,,,4276,142,,,,
2687,4274,125,,,,,4275,125,,,,
2688,4274,46,4273,87,,,4275,133,,,,
2689,4274,43,4273,99,,,4275,142,,,,
2690,4273,111,,,,,4274,47,4275,64,,
2691,4273,138,,,,,4275,138,,,,
2692,4274,53,4273,96,,,4275,149,,,,
2693,4274,43,4273,92,,,4275,143,,,,
2694,4274,38,4273,62,,,4275,100,,,,
2695,4273,123,,,,,4275,123,,,,
2696,4273,114,,,,,4275,114,,,,
2697,4273,97,,,,,4274,37,4275,60,,
2698,4273,117,,,,,4274,61,4275,56,,
2699,4273,156,,,,,4274,156,,,,
2700,4273,134,,,,,4275,134,,,,
2701,4273,149,,,,,4275,149,,,,
2702,4274,125,,,,,4275,125,,,,
2703,4274,130,,,,,4275,130,,,,
2704,4274,107,,,,,4275,107,,,,
2705,4274,102,,,,,4275,102,,,,
2706,4274,143,,,,,4275,143,,,,
2707,4274,90,,,,,4275,96,,,,
2708,4274,121,,,,,4275,121,,,,
2709,4274,163,,,,,4275,163,,,,
2710,4275,99,,,,,4276,99,,,,
2711,4275,122,,,,,4276,39,4277,83,,
2712,4275,146,,,,,4276,146,,,,
2713,4275,133,,,,,4276,133,,,,
2714,4275,127,,,,,4276,127,,,,
2715,4274,87,,,,,4276,87,,,,
2716,4275,45,4274,74,,,4276,119,,,,
2717,4275,52,4274,67,,,4276,119,,,,
2718,4275,62,4274,63,,,4276,125,,,,
2719,4274,99,,,,,4275,99,,,,
2720,4274,109,,,,,4275,109,,,,
2721,4274,95,,,,,4275,95,,,,
2722,4274,135,,,,,4275,135,,,,
2723,4274,156,,,,,4275,156,,,,
2724,4274,119,,,,,4275,36,4276,83,,
2725,4275,39,4274,98,,,4276,137,,,,
2726,4275,62,4274,77,,,4276,139,,,,
2727,4274,112,,,,,4276,112,,,,
2728,4275,50,4274,52,,,4276,102,,,,
2729,4275,91,,,,,4276,91,,,,
2730,4275,129,,,,,4276,46,4277,83,,
2731,4275,131,,,,,4276,47,4277,84,,
2732,4275,116,,,,,4276,41,4277,75,,
2733,4275,140,,,,,4276,53,4277,87,,
2734,4275,146,,,,,4276,61,4277,85,,
2735,4275,129,,,,,4276,59,4277,70,,
2736,4276,111,,,,,4277,111,,,,
2737,4276,123,,,,,4277,53,4278,70,,
2738,4276,98,,,,,4277,98,,,,
2739,4276,110,,,,,4277,110,,,,
2740,4276,101,,,,,4277,101,,,,
2741,4276,142,,,,,4277,142,,,,
2742,4276,150,,,,,4277,58,4278,92,,
2743,4276,135,,,,,4278,135,,,,
2744,4276,114,,,,,4277,114,,,,
2745,4275,111,,,,,4277,111,,,,
2746,4276,38,4275,56,,,4277,94,,,,
2747,4276,41,4275,89,,,4277,130,,,,
2748,4276,36,4275,92,,,4277,128,,,,
2749,4276,61,4275,79,,,4277,140,,,,
2750,4276,45,4275,64,,,4277,109,,,,
2751,4276,151,,,,,4277,151,,,,
2752,4276,42,4275,90,,,4277,132,,,,
2753,4275,97,,,,,4276,97,,,,
2754,4274,100,,,,,4276,100,,,,
2755,4275,64,4274,67,,,4276,131,,,,
2756,4275,149,,,,,4276,149,,,,
2757,4275,114,,,,,4276,114,,,,
2758,4275,135,,,,,4276,135,,,,
2759,4275,154,,,,,4276,58,4277,96,,
2760,4275,131,,,,,4276,43,4277,88,,
2761,4275,142,,,,,4277,142,,,,
2762,4275,116,,,,,4276,53,4277,63,,
2763,4275,121,,,,,4277,121,,,,
2764,4275,147,,,,,4277,147,,,,
2765,4275,154,,,,,4277,154,,,,
2766,4275,127,,,,,4277,127,,,,
2767,4276,51,4275,52,,,4277,103,,,,
2768,4275,109,,,,,4277,109,,,,
2769,4275,117,,,,,4277,117,,,,
2770,4275,126,,,,,4277,126,,,,
2771,4275,118,,,,,4277,118,,,,
2772,4275,124,,,,,4277,124,,,,
2773,4275,138,,,,,4276,52,4277,86,,
2774,4275,122,,,,,4277,122,,,,
2775,4275,123,,,,,4277,123,,,,
2776,4276,127,,,,,4277,127,,,,
2777,4276,132,,,,,4277,60,4278,72,,
2778,4276,119,,,,,4277,57,4278,62,,
2779,4276,138,,,,,4277,40,4278,98,,
2780,4275,132,,,,,4276,38,4277,94,,
2781,4275,144,,,,,4276,144,,,,
2782,4275,61,4274,82,,,4276,143,,,,
2783,4274,142,,,,,4276,142,,,,
2784,4274,119,,,,,4276,119,,,,
2785,4275,61,4274,65,,,4276,126,,,,
2786,4275,102,,,,,4276,102,,,,
2787,4274,148,,,,,4276,148,,,,
2788,4274,119,,,,,4276,119,,,,
2789,4274,150,,,,,4275,61,4276,89,,
2790,4273,132,,,,,4274,132,,,,
2791,4273,128,,,,,4275,128,,,,
2792,4273,105,,,,,4275,105,,,,
2793,4273,132,,,,,4275,132,,,,
2794,4273,121,,,,,4274,59,4275,62,,
2795,4273,148,,,,,4275,148,,,,
2796,4273,131,,,,,4274,48,4275,83,,
2797,4273,92,,,,,4274,92,,,,
2798,4273,57,4272,93,,,4274,143,,,,
2799,4273,109,,,,,4274,109,,,,
2800,4273,118,,,,,4274,35,4275,83,,
2801,4273,105,,,,,4274,36,4275,69,,
2802,4273,149,,,,,4274,149,,,,
2803,4273,127,,,,,4274,57,4275,70,,
2804,4273,111,,,,,4274,111,,,,
2805,4273,137,,,,,4274,59,4275,78,,
2806,4273,108,,,,,4275,108,,,,
2807,4274,92,,,,,4275,92,,,,
2808,4275,45,4274,93,,,4276,138,,,,
2809,4275,49,4274,69,,,4276,118,,,,
2810,4275,145,,,,,4276,145,,,,
2811,4275,133,,,,,4276,139,,,,
2812,4275,96,,,,,4276,96,,,,
2813,4275,99,,,,,4276,99,,,,
2814,4275,107,,,,,4276,107,,,,
2815,4275,137,,,,,4276,137,,,,
2816,4275,126,,,,,4277,126,,,,
2817,4276,152,,,,,4277,59,4278,93,,
2818,4276,131,,,,,4277,131,,,,
2819,4276,62,4275,64,,,4277,126,,,,
2820,4276,57,4275,79,,,4277,130,,,,
2821,4276,62,4275,91,,,4277,153,,,,
2822,4276,50,4275,68,,,4277,118,,,,
2823,4275,108,,,,,4277,108,,,,
2824,4276,41,4275,75,,,4277,116,,,,
2825,4275,118,,,,,4277,118,,,,
2826,4275,122,,,,,4277,122,,,,
2827,4275,134,,,,,4276,35,4277,99,,
2828,4275,119,,,,,4276,119,,,,
2829,4275,108,,,,,4276,48,4277,60,,
2830,4275,107,,,,,4276,107,,,,
2831,4275,143,,,,,4276,143,,,,
2832,4275,49,4274,65,,,4276,114,,,,
2833,4275,57,4274,94,,,4276,151,,,,
2834,4275,50,4274,100,,,4276,150,,,,
2835,4274,146,,,,,4276,146,,,,
2836,4274,102,,,,,4276,102,,,,
2837,4274,128,,,,,4275,50,4276,78,,
2838,4275,55,4274,77,,,4276,132,,,,
2839,4275,134,,,,,4276,134,,,,
2840,4275,62,4274,74,,,4276,136,,,,
2841,4275,51,4274,55,,,4276,106,,,,
2842,4275,112,,,,,4276,112,,,,
2843,4275,150,,,,,4276,150,,,,
2844,4275,97,,,,,4276,97,,,,
2845,4276,37,4275,64,,,4277,101,,,,
2846,4275,106,,,,,4277,106,,,,
2847,4275,126,,,,,4277,126,,,,
2848,4275,134,,,,,4277,134,,,,
2849,4275,139,,,,,4277,139,,,,
2850,4275,151,,,,,4277,151,,,,
2851,4275,125,,,,,4277,125,,,,
2852,4275,103,,,,,4277,110,,,,
2853,4275,120,,,,,4277,120,,,,
2854,4275,108,,,,,4277,108,,,,
2855,4275,115,,,,,4277,119,,,,
2856,4276,55,4275,97,,,4277,152,,,,
2857,4275,103,,,,,4277,103,,,,
2858,4276,45,4275,64,,,4277,109,,,,
2859,4276,52,4275,94,,,4277,150,,,,
2860,4276,142,,,,,4277,142,,,,
2861,4276,138,,,,,4277,64,4278,74,,
2862,4276,159,,,,,4277,159,,,,
2863,4276,96,,,,,4277,96,,,,
2864,4276,111,,,,,4277,39,4278,72,,
2865,4276,102,,,,,4277,50,4278,52,,
2866,4276,155,,,,,4277,54,4278,96,,
2867,4276,125,,,,,4277,53,4278,72,,
2868,4276,132,,,,,4277,132,,,,
2869,4276,106,,,,,4277,51,4278,55,,
2870,4276,109,,,,,4277,59,4278,50,,
2871,4276,160,,,,,4277,58,4278,92,,
2872,4276,119,,,,,4277,38,4278,81,,
2873,4276,125,,,,,4278,125,,,,
2874,4276,109,,,,,4278,109,,,,
2875,4276,139,,,,,4278,139,,,,
2876,4276,150,,,,,4278,150,,,,
2877,4276,119,,,,,4277,64,4278,55,,
2878,4276,137,,,,,4277,56,4278,81,,
2879,4278,140,,,,,4279,140,,,,
2880,4278,96,,,,,4279,96,,,,
2881,4278,56,4277,66,,,4279,117,,,,
2882,4277,151,,,,,4279,144,,,,
2883,4277,98,,,,,4279,98,,,,
2884,4277,112,,,,,4278,112,,,,
2885,4276,113,,,,,4278,113,,,,
2886,4276,149,,,,,4278,149,,,,
2887,4276,142,,,,,4277,43,4278,99,,
2888,4276,137,,,,,4278,137,,,,
2889,4276,130,,,,,4277,50,4278,80,,
2890,4276,114,,,,,4278,114,,,,
2891,4276,86,,,,,4278,86,,,,
2892,4276,134,,,,,4278,134,,,,
2893,4276,124,,,,,4278,115,,,,
2894,4276,124,,,,,4278,124,,,,
2895,4277,57,4276,81,,,4278,138,,,,
2896,4276,98,,,,,4278,98,,,,
2897,4276,114,,,,,4278,114,,,,
2898,4277,41,4276,63,,,4278,104,,,,
2899,4277,100,,,,,4278,100,,,,
2900,4277,116,,,,,4278,116,,,,
2901,4277,56,4276,63,,,4278,119,,,,
2902,4276,129,,,,,4277,129,,,,
2903,4276,142,,,,,4277,142,,,,
2904,4275,120,,,,,4276,37,4277,83,,
2905,4276,59,4275,97,,,4277,156,,,,
2906,4275,128,,,,,4277,128,,,,
2907,4276,110,,,,,4277,110,,,,
2908,4276,43,4275,54,,,4277,97,,,,
2909,4275,153,,,,,4277,153,,,,
2910,4276,52,4275,59,,,4277,111,,,,
2911,4275,142,,,,,4277,142,,,,
2912,4275,163,,,,,4277,163,,,,
2913,4275,111,,,,,4277,111,,,,
2914,4275,131,,,,,4277,131,,,,
2915,4275,108,,,,,4276,51,4277,57,,
2916,4275,118,,,,,4276,61,4277,57,,
2917,4275,123,,,,,4277,123,,,,
2918,4275,143,,,,,4276,56,4277,87,,
2919,4275,115,,,,,4276,39,4277,76,,
2920,4275,111,,,,,4276,36,4277,75,,
2921,4275,123,,,,,4277,123,,,,
2922,4275,118,,,,,4277,118,,,,
2923,4275,116,,,,,4277,116,,,,
2924,4275,108,,,,,4276,108,,,,
2925,4275,132,,,,,4276,65,4277,67,,
2926,4275,90,,,,,4276,35,4277,55,,
2927,4276,57,4275,70,,,4277,127,,,,
2928,4276,35,4275,50,,,4277,85,,,,
2929,4275,109,,,,,4276,36,4277,73,,
2930,4275,101,,,,,4276,101,,,,
2931,4275,126,,,,,4276,126,,,,
2932,4275,159,,,,,4276,159,,,,
2933,4275,129,,,,,4276,129,,,,
2934,4275,148,,,,,4276,148,,,,
2935,4275,152,,,,,4276,152,,,,
2936,4275,35,4274,84,,,4276,119,,,,
2937,4275,123,,,,,4276,123,,,,
2938,4275,126,,,,,4276,126,,,,
2939,4275,59,4274,74,,,4276,133,,,,
2940,4274,115,,,,,4276,115,,,,
2941,4274,121,,,,,4275,60,4276,61,,
2942,4274,163,,,,,4275,163,,,,
2943,4274,114,,,,,4275,114,,,,
2944,4274,44,4273,89,,,4275,133,,,,
2945,4274,47,4273,96,,,4275,143,,,,
2946,4274,43,4273,55,,,4275,98,,,,
2947,4274,45,4273,82,,,4275,127,,,,
2948,4274,51,4273,56,,,4275,107,,,,
2949,4273,141,,,,,4275,141,,,,
2950,4273,98,,,,,4275,98,,,,
2951,4273,127,,,,,4275,127,,,,
2952,4273,126,,,,,4275,126,,,,
2953,4273,152,,,,,4274,152,,,,
2954,4273,133,,,,,4274,133,,,,
2955,4273,104,,,,,4274,104,,,,
2956,4273,150,,,,,4274,150,,,,
2957,4273,110,,,,,4274,110,,,,
2958,4273,44,4272,52,,,4274,96,,,,
2959,4273,37,4272,71,,,4274,108,,,,
2960,4273,47,4272,77,,,4274,124,,,,
2961,4272,136,,,,,4273,52,4274,84,,
2962,4272,148,,,,,4273,148,,,,
2963,4272,123,,,,,4273,123,,,,
2964,4272,106,,,,,4273,106,,,,
2965,4272,130,,,,,4273,130,,,,
2966,4272,157,,,,,4273,157,,,,
2967,4272,157,,,,,4273,157,,,,
2968,4272,128,,,,,4273,128,,,,
2969,4272,39,4271,60,,,4273,99,,,,
2970,4272,111,,,,,4273,111,,,,
2971,4272,144,,,,,4273,144,,,,
2972,4272,92,,,,,4273,92,,,,
2973,4272,44,4271,75,,,4273,119,,,,
2974,4271,131,,,,,4272,131,,,,
2975,4271,144,,,,,4272,144,,,,
2976,4271,40,4270,71,,,4272,111,,,,
2977,4271,62,4270,74,,,4272,136,,,,
2978,4271,51,4270,62,,,4272,113,,,,
2979,4270,103,,,,,4271,43,4272,60,,
2980,4270,132,,,,,4272,132,,,,
2981,4270,140,,,,,4272,140,,,,
2982,4270,104,,,,,4272,104,,,,
2983,4270,118,,,,,4272,118,,,,
2984,4271,55,4270,80,,,4272,135,,,,
2985,4270,126,,,,,4272,126,,,,
2986,4270,122,,,,,4272,122,,,,
2987,4270,119,,,,,4272,119,,,,
2988,4270,123,,,,,4271,58,4272,65,,
2989,4271,53,4270,96,,,4272,149,,,,
2990,4270,150,,,,,4272,150,,,,
2991,4270,120,,,,,4272,120,,,,
2992,4271,48,4270,96,,,4272,144,,,,
2993,4271,109,,,,,4272,109,,,,
2994,4271,48,4270,84,,,4272,132,,,,
2995,4271,64,4270,82,,,4272,146,,,,
2996,4271,113,,,,,4273,113,,,,
2997,4272,48,4271,93,,,4273,141,,,,
2998,4272,124,,,,,4273,124,,,,
2999,4272,127,,,,,4274,127,,,,
3000,4272,135,,,,,4274,135,,,,
3001,4272,122,,,,,4274,122,,,,
3002,4273,52,4272,69,,,4274,121,,,,
3003,4272,153,,,,,4273,65,4274,88,,
3004,4272,123,,,,,4274,123,,,,
3005,4272,128,,,,,4273,65,4274,63,,
3006,4272,134,,,,,4273,48,4274,86,,
3007,4272,140,,,,,4273,44,4274,96,,
3008,4272,133,,,,,4273,133,,,,
3009,4272,147,,,,,4273,147,,,,
3010,4272,108,,,,,4273,108,,,,
3011,4272,134,,,,,4273,63,4274,71,,
3012,4272,152,,,,,4273,65,4274,87,,
3013,4272,138,,,,,4274,138,,,,
3014,4273,39,4272,55,,,4274,94,,,,
3015,4273,102,,,,,4274,102,,,,
3016,4273,119,,,,,4274,119,,,,
3017,4273,135,,,,,4274,135,,,,
3018,4273,122,,,,,4274,122,,,,
3019,4273,138,,,,,4275,138,,,,
3020,4273,100,,,,,4274,47,4275,53,,
3021,4273,155,,,,,4275,155,,,,
3022,4273,104,,,,,4275,104,,,,
3023,4273,136,,,,,4275,136,,,,
3024,4273,126,,,,,4274,51,4275,75,,
3025,4273,110,,,,,4275,110,,,,
3026,4273,138,,,,,4275,138,,,,
3027,4273,116,,,,,4274,61,4275,55,,
3028,4272,110,,,,,4274,110,,,,
3029,4272,120,,,,,4273,120,,,,
3030,4272,128,,,,,4273,128,,,,
3031,4272,128,,,,,4273,128,,,,
3032,4272,114,,,,,4273,114,,,,
3033,4272,121,,,,,4273,121,,,,
3034,4272,64,4271,79,,,4273,143,,,,
3035,4271,129,,,,,4273,129,,,,
3036,4271,117,,,,,4272,49,4273,68,,
3037,4271,156,,,,,4272,156,,,,
3038,4271,93,,,,,4272,93,,,,
3039,4271,121,,,,,4272,121,,,,
3040,4271,60,4270,85,,,4272,145,,,,
3041,4271,36,4270,98,,,4272,134,,,,
3042,4270,131,,,,,4272,131,,,,
3043,4271,49,4270,62,,,4272,111,,,,
3044,4271,137,,,,,4272,137,,,,
3045,4271,51,4270,90,,,4272,141,,,,
3046,4271,130,,,,,4272,130,,,,
3047,4271,127,,,,,4272,47,4273,80,,
3048,4271,127,,,,,4272,50,4273,77,,
3049,4271,121,,,,,4273,121,,,,
3050,4271,111,,,,,4273,111,,,,
3051,4272,39,4271,55,,,4273,94,,,,
3052,4272,56,4271,52,,,4273,108,,,,
3053,4271,92,,,,,4273,92,,,,
3054,4272,47,4271,100,,,4273,147,,,,
3055,4271,123,,,,,4272,58,4273,65,,
3056,4271,124,,,,,4273,124,,,,
3057,4272,126,,,,,4273,126,,,,
3058,4272,170,,,,,4273,162,,,,
3059,4272,107,,,,,4273,53,4274,54,,
