timestamp,bid_price_1,bid_volume_1,bid_price_2,bid_volume_2,bid_price_3,bid_volume_3,ask_price_1,ask_volume_1,ask_price_2,ask_volume_2,ask_price_3,ask_volume_3
0,30252,12,30251,27,,,30258,39,,,,
1,30255,13,30254,20,,,30260,1,30261,32,,
2,30256,1,30255,41,,,30261,16,30262,26,,
3,30256,30,,,,,30262,14,30263,16,,
4,30255,18,30254,15,,,30261,33,,,,
5,30257,1,30256,36,,,30262,17,30263,20,,
6,30256,37,,,,,30262,19,30263,18,,
7,30251,1,30250,41,,,30256,12,30257,30,,
8,30251,1,30250,41,,,30256,1,30257,41,,
9,30249,1,30248,32,,,30254,1,30255,32,,
10,30256,1,30255,45,,,30261,20,30262,26,,
11,30252,15,30251,23,,,30257,1,30258,37,,
12,30252,1,30251,33,,,30257,1,30258,33,,
13,30245,41,,,,,30251,12,30252,29,,
14,30244,44,,,,,30250,15,30251,29,,
15,30244,49,,,,,30250,19,30251,30,,
16,30246,2,30245,32,,,30251,2,30252,32,,
17,30245,33,,,,,30251,11,30252,22,,
18,30244,10,30243,30,,,30250,40,,,,
19,30243,20,30242,29,,,30249,20,30250,29,,
20,30244,2,30243,45,,,30249,22,30250,25,,
21,30244,2,30243,38,,,30249,19,30250,21,,
22,30243,41,,,,,30249,15,30250,26,,
23,30237,43,,,,,30243,22,30244,24,,
24,30236,2,30235,27,,,30241,12,30242,17,,
25,30237,18,30236,21,,,30242,2,30243,37,,
26,30238,17,30237,16,,,30243,1,30244,32,,
27,30238,2,30237,33,,,30243,2,30244,33,,
28,30241,17,30240,23,,,30247,40,,,,
29,30243,16,30242,25,,,30248,2,30249,39,,
30,30247,14,30246,16,,,30252,1,30253,29,,
31,30250,5,30248,1,30247,36,30253,1,30254,36,,
32,30252,5,30249,48,,,30255,19,30256,29,,
33,30248,1,30247,26,,,30253,11,30254,16,,
34,30246,12,30245,19,,,30251,2,30252,29,,
35,30247,46,,,,,30253,18,30254,28,,
36,30244,40,,,,,30250,11,30251,29,,
37,30243,43,,,,,30249,17,30250,26,,
38,30248,5,30245,44,,,30251,17,30252,27,,
39,30241,12,30240,27,,,30246,2,30247,37,,
40,30245,1,30244,32,,,30250,1,30251,32,,
41,30243,22,30242,26,,,30249,48,,,,
42,30243,1,30242,39,,,30248,14,30249,26,,
43,30245,18,30244,16,,,30251,34,,,,
44,30246,20,30245,16,,,30252,36,,,,
45,30245,49,,,,,30252,49,,,,
46,30245,12,30244,23,,,30251,12,30252,23,,
47,30240,36,,,,,30246,18,30247,18,,
48,30240,1,30239,40,,,30245,1,30246,40,,
49,30239,12,30238,27,,,30244,2,30245,37,,
50,30240,1,30238,18,30237,15,30243,1,30244,32,,
51,30235,17,30234,29,,,30241,46,,,,
52,30234,2,30233,41,,,30239,18,30240,25,,
53,30235,12,30234,28,,,30241,40,,,,
54,30236,37,,,,,30242,12,30243,25,,
55,30234,19,30233,21,,,30236,8,30239,1,30240,39
56,30233,2,30232,26,,,30238,2,30239,26,,
57,30232,1,30231,48,,,30237,20,30238,29,,
58,30234,2,30233,46,,,30236,3,30239,2,30240,46
59,30230,19,30229,17,,,30235,2,30236,34,,
60,30231,7,30229,18,30228,23,30235,41,,,,
61,30231,20,30230,19,,,30237,39,,,,
62,30231,1,30230,34,,,30236,12,30237,23,,
63,30233,15,30232,22,,,30239,37,,,,
64,30235,18,30234,24,,,30240,1,30241,41,,
65,30232,27,,,,,30238,12,30239,15,,
66,30230,40,,,,,30236,17,30237,23,,
67,30228,12,30227,17,,,30233,1,30234,28,,
68,30232,15,30231,26,,,30238,15,30239,26,,
69,30236,2,30235,39,,,30241,21,30242,20,,
70,30234,1,30233,38,,,30239,1,30240,38,,
71,30231,15,30230,26,,,30237,41,,,,
72,30231,13,30230,15,,,30237,28,,,,
73,30230,21,30229,22,,,30235,1,30236,42,,
74,30232,30,,,,,30239,30,,,,
75,30227,41,,,,,30233,19,30234,22,,
76,30224,13,30223,25,,,30230,38,,,,
77,30227,14,30226,20,,,30232,1,30233,33,,
78,30225,11,30224,20,,,30231,31,,,,
79,30227,6,30225,2,30224,39,30230,13,30231,28,,
80,30222,2,30221,30,,,30227,2,30228,30,,
81,30220,17,30219,23,,,30226,40,,,,
82,30220,17,30219,15,,,30226,32,,,,
83,30219,46,,,,,30225,19,30226,27,,
84,30219,49,,,,,30226,49,,,,
85,30221,43,,,,,30227,16,30228,27,,
86,30226,2,30225,38,,,30231,20,30232,20,,
87,30227,7,30224,46,,,30230,20,30231,26,,
88,30222,12,30221,24,,,30227,1,30228,35,,
89,30219,26,,,,,30225,11,30226,15,,
90,30220,12,30219,20,,,30226,12,30227,20,,
91,30223,26,,,,,30229,10,30230,16,,
92,30227,12,30226,20,,,30232,2,30233,30,,
93,30223,1,30222,40,,,30228,17,30229,24,,
94,30225,12,30224,19,,,30230,2,30231,29,,
95,30224,2,30223,32,,,30229,12,30230,22,,
96,30225,1,30224,32,,,30230,11,30231,22,,
97,30222,13,30221,27,,,30227,1,30228,39,,
98,30222,18,30221,29,,,30227,2,30228,45,,
99,30225,13,30224,26,,,30231,39,,,,
100,30224,33,,,,,30230,18,30231,15,,
101,30225,38,,,,,30228,6,30231,11,30232,27
102,30227,43,,,,,30233,17,30234,26,,
103,30227,14,30226,22,,,30232,1,30233,35,,
104,30230,36,,,,,30236,11,30237,25,,
105,30232,17,30231,16,,,30234,5,30238,33,,
106,30229,33,,,,,30236,33,,,,
107,30228,16,30227,16,,,30234,32,,,,
108,30227,18,30226,20,,,30233,38,,,,
109,30232,1,30231,40,,,30237,1,30238,40,,
110,30229,12,30228,25,,,30234,1,30235,36,,
111,30228,1,30227,38,,,30233,1,30234,38,,
112,30228,2,30227,29,,,30233,14,30234,17,,
113,30231,2,30230,30,,,30236,2,30237,30,,
114,30233,42,,,,,30239,20,30240,22,,
115,30234,19,30233,16,,,30239,1,30240,34,,
116,30236,50,,,,,30242,22,30243,28,,
117,30241,2,30240,41,,,30246,15,30247,28,,
118,30241,19,30240,19,,,30246,1,30247,37,,
119,30238,15,30237,30,,,30244,45,,,,
120,30239,1,30238,30,,,30244,15,30245,16,,
121,30235,2,30234,29,,,30240,12,30241,19,,
122,30238,2,30237,47,,,30243,22,30244,27,,
123,30236,1,30235,38,,,30241,15,30242,24,,
124,30234,11,30233,22,,,30240,33,,,,
125,30231,1,30230,26,,,30236,1,30237,26,,
126,30224,16,30223,29,,,30230,16,30231,29,,
127,30226,19,30225,23,,,30231,1,30232,41,,
128,30231,43,,,,,30237,13,30238,30,,
129,30232,15,30231,27,,,30237,2,30238,40,,
130,30231,14,30230,15,,,30236,2,30237,27,,
131,30231,11,30230,29,,,30237,40,,,,
132,30228,2,30227,32,,,30233,2,30234,32,,
133,30227,14,30226,23,,,30232,1,30233,36,,
134,30230,17,30229,18,,,30232,1,30236,35,,
135,30226,1,30225,30,,,30231,1,30232,30,,
136,30226,2,30225,42,,,30231,20,30232,24,,
137,30225,34,,,,,30228,5,30231,18,30232,16
138,30226,33,,,,,30232,12,30233,23,,
139,30225,21,30224,23,,,30230,1,30231,43,,
140,30227,1,30226,39,,,30232,17,30233,23,,
141,30229,2,30228,39,,,30234,19,30235,22,,
142,30227,36,,,,,30233,19,30234,17,,
143,30231,1,30230,32,,,30236,16,30237,17,,
144,30227,16,30226,29,,,30232,2,30233,43,,
145,30227,12,30226,25,,,30232,1,30233,36,,
146,30225,20,30224,28,,,30227,1,30231,48,,
147,30225,11,30224,19,,,30230,1,30231,29,,
148,30228,13,30227,15,,,30233,1,30234,27,,
149,30227,13,30226,22,,,30232,1,30233,34,,
150,30226,48,,,,,30232,19,30233,29,,
151,30229,1,30228,46,,,30234,21,30235,26,,
152,30230,2,30229,26,,,30235,12,30236,16,,
153,30228,2,30227,31,,,30233,16,30234,17,,
154,30226,40,,,,,30233,40,,,,
155,30224,34,,,,,30230,18,30231,16,,
156,30228,1,30227,38,,,30233,18,30234,21,,
157,30229,2,30228,38,,,30234,2,30235,38,,
158,30226,40,,,,,30232,12,30233,28,,
159,30227,14,30226,18,,,30232,1,30233,31,,
160,30229,2,30228,37,,,30234,14,30235,25,,
161,30227,5,30225,1,30224,35,30230,13,30231,23,,
162,30222,17,30221,19,,,30228,36,,,,
163,30223,38,,,,,30229,20,30230,18,,
164,30225,2,30224,47,,,30227,7,30230,19,30231,30
165,30223,16,30222,17,,,30229,16,30230,17,,
166,30225,20,30224,25,,,30231,45,,,,
167,30225,18,30224,15,,,30231,33,,,,
168,30226,12,30225,20,,,30231,2,30232,30,,
169,30224,20,30223,30,,,30230,50,,,,
170,30226,38,,,,,30232,12,30233,26,,
171,30228,1,30227,29,,,30233,11,30234,19,,
172,30227,1,30226,40,,,30232,1,30233,40,,
173,30226,29,,,,,30232,11,30233,18,,
174,30227,15,30226,19,,,30233,34,,,,
175,30228,18,30227,27,,,30234,45,,,,
176,30229,11,30228,16,,,30234,1,30235,26,,
177,30230,11,30229,29,,,30236,40,,,,
178,30230,13,30229,25,,,30235,2,30236,36,,
179,30232,17,30231,29,,,30238,46,,,,
180,30232,20,30231,28,,,30238,48,,,,
181,30235,19,30234,17,,,30240,2,30241,34,,
182,30233,22,30232,27,,,30238,2,30239,47,,
183,30230,14,30229,21,,,30236,35,,,,
184,30229,17,30228,16,,,30234,1,30235,32,,
185,30229,12,30228,17,,,30234,2,30235,27,,
186,30228,1,30227,41,,,30233,1,30234,41,,
187,30224,20,30223,17,,,30230,37,,,,
188,30222,19,30221,26,,,30228,45,,,,
189,30223,15,30222,26,,,30229,41,,,,
190,30221,1,30220,45,,,30226,1,30227,45,,
191,30222,22,30221,30,,,30227,2,30228,50,,
192,30221,49,,,,,30227,19,30228,30,,
193,30223,2,30222,32,,,30228,12,30229,22,,
194,30222,2,30221,38,,,30227,22,30228,18,,
195,30219,33,,,,,30226,33,,,,
196,30220,17,30219,24,,,30226,41,,,,
197,30226,7,30223,27,,,30229,12,30230,15,,
198,30222,16,30221,25,,,30227,2,30228,39,,
199,30223,15,30222,29,,,30225,7,30228,1,30229,43
200,30226,30,,,,,30232,11,30233,19,,
201,30228,13,30227,18,,,30233,1,30234,30,,
202,30231,8,30228,34,,,30235,34,,,,
203,30226,17,30225,27,,,30232,44,,,,
204,30222,19,30221,27,,,30228,46,,,,
205,30221,1,30220,39,,,30226,1,30227,39,,
206,30227,1,30226,38,,,30232,1,30233,38,,
207,30231,38,,,,,30237,11,30238,27,,
208,30235,21,30234,17,,,30241,38,,,,
209,30238,2,30237,43,,,30243,19,30244,26,,
210,30239,1,30238,37,,,30244,1,30245,37,,
211,30236,32,,,,,30239,6,30242,11,30243,21
212,30235,41,,,,,30241,12,30242,29,,
213,30235,14,30234,21,,,30241,39,,,,
214,30232,1,30231,36,,,30237,1,30238,36,,
215,30233,21,30232,24,,,30239,45,,,,
216,30235,3,30233,2,30232,41,30238,18,30239,25,,
217,30231,2,30230,43,,,30236,18,30237,27,,
218,30232,38,,,,,30238,18,30239,20,,
219,30232,14,30231,18,,,30238,32,,,,
220,30238,8,30236,19,30235,28,30242,47,,,,
221,30237,19,30236,28,,,30243,47,,,,
222,30233,19,30232,29,,,30239,48,,,,
223,30238,3,30236,22,30235,20,30242,22,30243,20,,
224,30240,3,30237,42,,,30243,21,30244,21,,
225,30237,30,,,,,30243,12,30244,18,,
226,30235,13,30234,20,,,30240,1,30241,32,,
227,30234,11,30233,21,,,30239,1,30240,31,,
228,30230,18,30229,26,,,30235,1,30236,43,,
229,30230,1,30229,37,,,30235,1,30236,37,,
230,30226,42,,,,,30232,18,30233,24,,
231,30226,2,30225,38,,,30228,1,30231,2,30232,38
232,30227,34,,,,,30233,19,30234,15,,
233,30227,2,30226,39,,,30232,2,30233,39,,
234,30227,38,,,,,30233,15,30234,23,,
235,30230,17,30229,23,,,30235,1,30236,39,,
236,30234,2,30233,40,,,30239,15,30240,27,,
237,30233,1,30232,33,,,30238,1,30239,33,,
238,30235,33,,,,,30242,33,,,,
239,30234,37,,,,,30240,12,30241,25,,
240,30235,42,,,,,30241,18,30242,24,,
241,30242,5,30237,19,30236,23,30243,19,30244,23,,
242,30237,1,30236,38,,,30242,1,30243,38,,
243,30239,37,,,,,30245,17,30246,20,,
244,30241,14,30240,26,,,30247,14,30248,26,,
245,30242,20,30241,26,,,30248,46,,,,
246,30240,37,,,,,30246,17,30247,20,,
247,30241,15,30240,26,,,30243,8,30246,2,30247,39
248,30241,30,,,,,30247,12,30248,18,,
249,30240,37,,,,,30246,14,30247,23,,
250,30238,1,30237,31,,,30243,1,30244,31,,
251,30237,1,30236,43,,,30242,16,30243,28,,
252,30240,20,30239,20,,,30245,2,30246,38,,
253,30239,12,30238,16,,,30241,1,30244,1,30245,27
254,30241,2,30240,40,,,30246,12,30247,30,,
255,30239,1,30238,47,,,30244,20,30245,28,,
256,30235,33,,,,,30241,11,30242,22,,
257,30236,1,30235,30,,,30241,1,30242,30,,
258,30238,2,30237,37,,,30243,22,30244,17,,
259,30238,32,,,,,30244,13,30245,19,,
260,30236,37,,,,,30243,37,,,,
261,30236,1,30235,40,,,30241,14,30242,27,,
262,30236,15,30235,30,,,30242,15,30243,30,,
263,30234,17,30233,20,,,30240,17,30241,20,,
264,30237,5,30235,19,30234,15,30241,34,,,,
265,30236,45,,,,,30242,17,30243,28,,
266,30238,17,30237,17,,,30243,2,30244,32,,
267,30235,30,,,,,30241,14,30242,16,,
268,30236,15,30235,20,,,30242,15,30243,20,,
269,30236,15,30235,16,,,30242,31,,,,
270,30239,1,30238,30,,,30244,1,30245,30,,
271,30240,18,30239,28,,,30245,2,30246,44,,
272,30240,2,30239,44,,,30245,17,30246,29,,
273,30243,41,,,,,30249,13,30250,28,,
274,30246,18,30245,23,,,30251,1,30252,40,,
275,30249,15,30248,18,,,30255,33,,,,
276,30246,20,30245,26,,,30251,2,30252,44,,
277,30239,20,30238,24,,,30245,44,,,,
278,30240,19,30239,29,,,30245,2,30246,46,,
279,30239,34,,,,,30245,14,30246,20,,
280,30241,14,30240,20,,,30247,34,,,,
281,30239,11,30238,29,,,30244,1,30245,39,,
282,30241,15,30240,18,,,30247,33,,,,
283,30239,13,30238,22,,,30244,2,30245,33,,
284,30239,38,,,,,30245,13,30246,25,,
285,30235,18,30234,16,,,30240,2,30241,32,,
286,30234,14,30233,21,,,30239,2,30240,33,,
287,30235,13,30234,29,,,30240,2,30241,40,,
288,30230,10,30229,26,,,30236,36,,,,
289,30229,1,30228,44,,,30234,1,30235,44,,
290,30230,2,30229,32,,,30235,18,30236,16,,
291,30232,15,30231,18,,,30238,33,,,,
292,30233,1,30232,37,,,30238,19,30239,19,,
293,30237,1,30236,40,,,30242,1,30243,40,,
294,30235,13,30234,21,,,30240,2,30241,32,,
295,30236,47,,,,,30242,19,30243,28,,
296,30236,1,30235,41,,,30241,14,30242,28,,
297,30231,1,30230,36,,,30236,18,30237,19,,
298,30230,15,30229,23,,,30236,38,,,,
299,30231,2,30230,40,,,30236,12,30237,30,,
300,30229,21,30228,15,,,30231,2,30234,2,30235,34
301,30229,1,30228,40,,,30234,17,30235,24,,
302,30225,21,30224,27,,,30231,21,30232,27,,
303,30226,17,30225,29,,,30231,2,30232,44,,
304,30226,2,30224,18,30223,25,30230,43,,,,
305,30222,14,30221,17,,,30228,14,30229,17,,
306,30227,15,30226,15,,,30232,2,30233,28,,
307,30228,19,30227,22,,,30233,2,30234,39,,
308,30233,2,30232,36,,,30238,17,30239,21,,
309,30236,40,,,,,30243,40,,,,
310,30238,20,30237,27,,,30244,47,,,,
311,30239,15,30238,30,,,30241,4,30245,45,,
312,30244,1,30243,40,,,30249,19,30250,22,,
313,30241,2,30240,38,,,30246,18,30247,22,,
314,30238,14,30237,22,,,30244,36,,,,
315,30240,21,30239,25,,,30245,1,30246,45,,
316,30248,14,30247,19,,,30254,33,,,,
317,30249,33,,,,,30255,15,30256,18,,
318,30252,13,30251,26,,,30257,2,30258,37,,
319,30249,2,30248,34,,,30254,21,30255,15,,
320,30245,2,30244,34,,,30250,12,30251,24,,
321,30243,50,,,,,30249,20,30250,30,,
322,30244,1,30243,45,,,30249,1,30250,45,,
323,30244,22,30243,29,,,30250,22,30251,29,,
324,30242,43,,,,,30245,1,30248,16,30249,27
325,30243,20,30242,27,,,30248,2,30249,45,,
326,30242,35,,,,,30248,15,30249,20,,
327,30244,2,30243,41,,,30246,1,30249,2,30250,41
328,30244,43,,,,,30250,14,30251,29,,
329,30247,1,30246,31,,,30249,1,30252,17,30253,15
330,30245,34,,,,,30251,16,30252,18,,
331,30248,42,,,,,30254,18,30255,24,,
332,30248,1,30247,38,,,30253,1,30254,38,,
333,30250,20,30249,23,,,30255,1,30256,42,,
334,30243,34,,,,,30250,34,,,,
335,30237,13,30236,20,,,30242,2,30243,31,,
336,30238,18,30237,20,,,30240,2,30244,38,,
337,30241,32,,,,,30247,17,30248,15,,
338,30240,32,,,,,30246,10,30247,22,,
339,30241,16,30240,24,,,30246,1,30247,39,,
340,30241,22,30240,19,,,30246,2,30247,39,,
341,30242,28,,,,,30248,13,30249,15,,
342,30239,16,30238,20,,,30245,36,,,,
343,30241,18,30240,15,,,30247,33,,,,
344,30244,2,30243,32,,,30249,18,30250,16,,
345,30244,22,30243,24,,,30249,2,30250,44,,
346,30247,29,,,,,30254,29,,,,
347,30250,2,30249,43,,,30255,2,30256,43,,
348,30249,2,30248,42,,,30254,18,30255,26,,
349,30250,26,,,,,30256,10,30257,16,,
350,30253,14,30252,21,,,30255,1,30259,35,,
351,30254,19,30253,27,,,30259,2,30260,44,,
352,30255,38,,,,,30261,13,30262,25,,
353,30254,12,30253,27,,,30260,39,,,,
354,30251,22,30250,23,,,30256,2,30257,43,,
355,30250,22,30249,26,,,30255,2,30256,46,,
356,30253,46,,,,,30259,20,30260,26,,
357,30254,15,30253,27,,,30259,2,30260,40,,
358,30256,7,30254,16,30253,18,30259,2,30260,32,,
359,30253,21,30252,16,,,30258,2,30259,35,,
360,30255,10,30254,26,,,30261,10,30262,26,,
361,30255,22,30254,26,,,30261,48,,,,
362,30256,1,30255,42,,,30261,17,30262,26,,
363,30255,1,30254,33,,,30260,11,30261,23,,
364,30254,1,30253,39,,,30259,1,30260,39,,
365,30255,2,30254,38,,,30260,2,30261,38,,
366,30254,13,30253,27,,,30259,1,30260,39,,
367,30252,20,30251,24,,,30257,1,30258,43,,
368,30255,16,30254,20,,,30260,2,30261,34,,
369,30254,44,,,,,30260,16,30261,28,,
370,30254,2,30253,31,,,30259,13,30260,20,,
371,30251,15,30250,18,,,30254,5,30257,15,30258,18
372,30255,46,,,,,30261,17,30262,29,,
373,30256,1,30255,40,,,30261,17,30262,24,,
374,30260,4,30255,30,,,30261,13,30262,17,,
375,30260,1,30259,29,,,30265,15,30266,15,,
376,30262,1,30261,45,,,30267,1,30268,45,,
377,30264,4,30261,38,,,30267,10,30268,28,,
378,30259,18,30258,16,,,30265,34,,,,
379,30260,2,30259,45,,,30265,22,30266,25,,
380,30263,20,30262,23,,,30269,20,30270,23,,
381,30262,1,30261,27,,,30267,11,30268,17,,
382,30265,18,30264,29,,,30271,47,,,,
383,30264,15,30263,25,,,30270,40,,,,
384,30264,20,30263,19,,,30269,2,30270,37,,
385,30259,20,30258,27,,,30264,2,30265,45,,
386,30260,30,,,,,30266,15,30267,15,,
387,30263,2,30262,27,,,30268,12,30269,17,,
388,30258,12,30257,24,,,30263,2,30264,34,,
389,30260,8,30258,2,30257,34,30263,2,30264,34,,
390,30257,16,30256,24,,,30262,1,30263,39,,
391,30257,18,30256,28,,,30262,2,30263,44,,
392,30257,43,,,,,30263,15,30264,28,,
393,30257,11,30256,26,,,30263,37,,,,
394,30262,7,30260,11,30259,23,30266,34,,,,
395,30262,19,30261,19,,,30268,38,,,,
396,30265,20,30264,22,,,30271,42,,,,
397,30265,12,30264,27,,,30271,39,,,,
398,30265,15,30264,17,,,30270,2,30271,30,,
399,30269,1,30268,36,,,30274,20,30275,17,,
400,30271,20,30270,19,,,30276,1,30277,38,,
401,30273,36,,,,,30280,36,,,,
402,30275,1,30274,32,,,30280,17,30281,16,,
403,30273,21,30272,25,,,30278,1,30279,45,,
404,30273,2,30272,45,,,30278,22,30279,25,,
405,30273,15,30272,27,,,30278,1,30279,41,,
406,30273,38,,,,,30279,12,30280,26,,
407,30275,1,30274,38,,,30280,16,30281,23,,
408,30276,18,30275,29,,,30282,47,,,,
409,30275,16,30274,27,,,30281,43,,,,
410,30274,39,,,,,30280,17,30281,22,,
411,30275,21,30274,22,,,30281,43,,,,
412,30278,36,,,,,30285,36,,,,
413,30280,49,,,,,30286,20,30287,29,,
414,30283,20,30282,27,,,30289,20,30290,27,,
415,30281,18,30280,16,,,30286,2,30287,32,,
416,30281,29,,,,,30288,29,,,,
417,30278,42,,,,,30284,19,30285,23,,
418,30279,1,30278,45,,,30284,20,30285,26,,
419,30278,43,,,,,30285,43,,,,
420,30279,12,30278,30,,,30285,42,,,,
421,30279,15,30278,18,,,30285,33,,,,
422,30279,49,,,,,30285,19,30286,30,,
423,30279,36,,,,,30285,17,30286,19,,
424,30282,2,30281,42,,,30287,18,30288,26,,
425,30281,38,,,,,30287,13,30288,25,,
426,30283,16,30282,17,,,30289,33,,,,
427,30282,14,30281,19,,,30288,14,30289,19,,
428,30278,38,,,,,30285,38,,,,
429,30276,32,,,,,30283,32,,,,
430,30273,1,30272,34,,,30278,1,30279,34,,
431,30270,14,30269,24,,,30272,7,30275,1,30276,37
432,30268,2,30267,37,,,30273,2,30274,37,,
433,30267,17,30266,22,,,30273,39,,,,
434,30268,2,30267,34,,,30273,17,30274,19,,
435,30267,1,30266,37,,,30272,14,30273,24,,
436,30270,3,30265,11,30264,18,30271,29,,,,
437,30272,1,30271,48,,,30277,19,30278,30,,
438,30269,18,30268,23,,,30274,1,30275,40,,
439,30268,28,,,,,30274,13,30275,15,,
440,30265,18,30264,16,,,30270,2,30271,32,,
441,30267,2,30266,41,,,30272,15,30273,28,,
442,30266,43,,,,,30272,14,30273,29,,
443,30264,12,30263,27,,,30269,2,30270,37,,
444,30259,1,30258,29,,,30264,14,30265,16,,
445,30260,42,,,,,30267,42,,,,
446,30263,5,30258,21,30257,23,30264,21,30265,23,,
447,30258,2,30257,38,,,30263,15,30264,25,,
448,30254,34,,,,,30260,10,30261,24,,
449,30256,6,30254,22,30253,24,30259,2,30260,44,,
450,30253,1,30252,35,,,30258,20,30259,16,,
451,30254,20,30253,16,,,30260,36,,,,
452,30256,8,30254,1,30253,32,30259,14,30260,19,,
453,30256,40,,,,,30262,15,30263,25,,
454,30260,45,,,,,30266,17,30267,28,,
455,30261,1,30260,41,,,30266,13,30267,29,,
456,30262,1,30261,44,,,30264,4,30267,1,30268,44
457,30263,13,30262,29,,,30268,2,30269,40,,
458,30263,19,30262,15,,,30269,19,30270,15,,
459,30263,17,30262,15,,,30268,1,30269,31,,
460,30262,46,,,,,30268,16,30269,30,,
461,30261,13,30260,27,,,30267,40,,,,
462,30260,15,30259,19,,,30266,34,,,,
463,30260,34,,,,,30266,13,30267,21,,
464,30262,40,,,,,30268,12,30269,28,,
465,30263,1,30262,40,,,30268,1,30269,40,,
466,30266,20,30265,21,,,30272,41,,,,
467,30268,1,30267,35,,,30273,15,30274,21,,
468,30266,3,30263,41,,,30269,12,30270,29,,
469,30268,1,30267,44,,,30273,18,30274,27,,
470,30270,1,30269,36,,,30275,21,30276,16,,
471,30269,45,,,,,30275,15,30276,30,,
472,30270,2,30269,46,,,30275,21,30276,27,,
473,30271,41,,,,,30274,3,30277,19,30278,22
474,30274,20,30273,29,,,30280,49,,,,
475,30276,7,30274,12,30273,17,30279,1,30280,28,,
476,30274,15,30273,29,,,30280,44,,,,
477,30276,15,30275,22,,,30282,37,,,,
478,30277,20,30276,25,,,30283,45,,,,
479,30278,14,30277,28,,,30284,42,,,,
480,30275,21,30274,17,,,30281,38,,,,
481,30275,13,30274,20,,,30281,33,,,,
482,30276,1,30275,40,,,30281,1,30282,40,,
483,30276,1,30275,40,,,30281,18,30282,23,,
484,30276,22,30275,15,,,30281,2,30282,35,,
485,30274,48,,,,,30280,19,30281,29,,
486,30279,4,30277,19,30276,25,30283,44,,,,
487,30278,14,30277,19,,,30283,1,30284,32,,
488,30279,20,30278,26,,,30285,46,,,,
489,30279,13,30278,16,,,30285,29,,,,
490,30279,20,30278,27,,,30284,1,30285,46,,
491,30279,19,30278,16,,,30285,35,,,,
492,30276,20,30275,25,,,30281,1,30282,44,,
493,30276,37,,,,,30283,37,,,,
494,30279,15,30278,15,,,30285,30,,,,
495,30277,27,,,,,30283,12,30284,15,,
496,30274,17,30273,21,,,30276,1,30279,2,30280,36
497,30272,32,,,,,30278,15,30279,17,,
498,30272,45,,,,,30278,15,30279,30,,
499,30274,41,,,,,30277,3,30280,17,30281,24
500,30273,2,30272,36,,,30278,18,30279,20,,
501,30274,2,30273,36,,,30279,2,30280,36,,
502,30276,7,30274,15,30273,28,30279,1,30280,42,,
503,30272,40,,,,,30278,11,30279,29,,
504,30272,2,30271,41,,,30277,20,30278,23,,
505,30266,19,30265,19,,,30271,1,30272,37,,
506,30265,13,30264,30,,,30270,2,30271,41,,
507,30268,26,,,,,30275,26,,,,
508,30273,2,30272,34,,,30278,21,30279,15,,
509,30274,32,,,,,30280,13,30281,19,,
510,30277,2,30276,44,,,30282,2,30283,44,,
511,30275,13,30274,16,,,30281,29,,,,
512,30280,37,,,,,30283,6,30286,16,30287,21
513,30282,38,,,,,30288,18,30289,20,,
514,30287,5,30285,1,30284,43,30290,17,30291,27,,
515,30290,14,30289,25,,,30296,39,,,,
516,30291,2,30287,2,30286,36,30292,12,30293,26,,
517,30290,20,30289,22,,,30295,2,30296,40,,
518,30284,46,,,,,30291,46,,,,
519,30284,2,30283,39,,,30289,12,30290,29,,
520,30277,45,,,,,30283,16,30284,29,,
521,30274,13,30273,25,,,30279,1,30280,37,,
522,30269,41,,,,,30276,41,,,,
523,30269,43,,,,,30275,13,30276,30,,
524,30272,21,30271,28,,,30277,1,30278,48,,
525,30267,19,30266,23,,,30272,2,30273,40,,
526,30269,17,30268,28,,,30275,45,,,,
527,30270,8,30268,1,30267,34,30273,20,30274,15,,
528,30265,17,30264,30,,,30267,6,30271,47,,
529,30269,11,30268,23,,,30274,1,30275,33,,
530,30269,1,30268,40,,,30274,20,30275,21,,
531,30270,6,30266,2,30265,42,30271,2,30272,42,,
532,30265,50,,,,,30271,20,30272,30,,
533,30264,6,30261,32,,,30267,17,30268,15,,
534,30263,16,30262,21,,,30269,37,,,,
535,30263,33,,,,,30269,13,30270,20,,
536,30264,1,30263,38,,,30269,1,30270,38,,
537,30265,45,,,,,30271,19,30272,26,,
538,30265,38,,,,,30271,15,30272,23,,
539,30262,15,30261,30,,,30267,1,30268,44,,
540,30262,13,30261,30,,,30268,43,,,,
541,30265,1,30264,44,,,30270,18,30271,27,,
542,30265,1,30264,42,,,30270,13,30271,30,,
543,30273,8,30271,18,30270,29,30276,2,30277,45,,
544,30273,15,30272,27,,,30279,15,30280,27,,
545,30276,2,30275,29,,,30281,14,30282,17,,
546,30277,1,30276,34,,,30282,18,30283,17,,
547,30275,1,30274,49,,,30280,1,30281,49,,
548,30275,7,30273,2,30272,41,30278,14,30279,29,,
549,30271,2,30270,43,,,30276,2,30277,43,,
550,30270,40,,,,,30276,20,30277,20,,
551,30267,2,30266,31,,,30272,15,30273,18,,
552,30269,1,30268,41,,,30274,14,30275,28,,
553,30269,11,30268,15,,,30275,26,,,,
554,30269,1,30268,36,,,30274,1,30275,36,,
555,30274,1,30270,2,30269,26,30275,12,30276,16,,
556,30270,28,,,,,30276,11,30277,17,,
557,30270,1,30269,41,,,30275,19,30276,23,,
558,30275,11,30274,20,,,30280,1,30281,30,,
559,30276,8,30274,20,30273,28,30280,48,,,,
560,30276,46,,,,,30282,18,30283,28,,
561,30277,1,30276,38,,,30282,11,30283,28,,
562,30278,1,30277,31,,,30283,12,30284,20,,
563,30276,13,30275,19,,,30282,13,30283,19,,
564,30274,35,,,,,30280,15,30281,20,,
565,30272,34,,,,,30278,12,30279,22,,
566,30275,22,30274,17,,,30280,2,30281,37,,
567,30274,43,,,,,30281,43,,,,
568,30277,28,,,,,30284,28,,,,
569,30277,1,30276,33,,,30282,15,30283,19,,
570,30274,22,30273,18,,,30280,40,,,,
571,30272,40,,,,,30278,19,30279,21,,
572,30276,12,30275,19,,,30281,1,30282,30,,
573,30278,15,30277,22,,,30283,1,30284,36,,
574,30278,15,30277,17,,,30283,1,30284,31,,
575,30277,11,30276,28,,,30283,39,,,,
576,30279,22,30278,28,,,30284,2,30285,48,,
577,30277,1,30276,37,,,30282,1,30283,37,,
578,30276,2,30275,30,,,30281,14,30282,18,,
579,30276,2,30275,44,,,30281,18,30282,28,,
580,30275,19,30274,15,,,30281,19,30282,15,,
581,30271,13,30270,23,,,30277,36,,,,
582,30271,21,30270,17,,,30276,2,30277,36,,
583,30271,2,30270,37,,,30276,12,30277,27,,
584,30270,28,,,,,30276,13,30277,15,,
585,30268,19,30267,28,,,30273,2,30274,45,,
586,30269,14,30268,26,,,30275,40,,,,
587,30268,20,30267,15,,,30273,1,30274,34,,
588,30268,19,30267,16,,,30273,1,30274,34,,
589,30266,2,30265,30,,,30271,17,30272,15,,
590,30274,6,30270,1,30269,47,30275,19,30276,29,,
591,30270,12,30269,15,,,30275,1,30276,26,,
592,30273,2,30272,45,,,30278,2,30279,45,,
593,30273,14,30272,26,,,30279,40,,,,
594,30273,34,,,,,30279,17,30280,17,,
595,30276,14,30275,26,,,30281,2,30282,38,,
596,30277,12,30276,29,,,30283,12,30284,29,,
597,30277,1,30276,39,,,30282,17,30283,23,,
598,30276,37,,,,,30282,13,30283,24,,
599,30277,35,,,,,30283,12,30284,23,,
600,30275,1,30274,42,,,30280,1,30281,42,,
601,30276,11,30275,22,,,30281,1,30282,32,,
602,30279,12,30278,21,,,30285,12,30286,21,,
603,30284,20,30283,29,,,30290,20,30291,29,,
604,30285,2,30284,36,,,30290,2,30291,36,,
605,30284,20,30283,28,,,30290,48,,,,
606,30286,1,30284,1,30283,38,30289,13,30290,26,,
607,30281,41,,,,,30288,41,,,,
608,30284,19,30283,15,,,30289,2,30290,32,,
609,30286,43,,,,,30292,13,30293,30,,
610,30289,1,30288,41,,,30294,1,30295,41,,
611,30292,2,30291,40,,,30297,2,30298,40,,
612,30295,44,,,,,30302,44,,,,
613,30293,11,30292,15,,,30299,26,,,,
614,30293,40,,,,,30300,40,,,,
615,30293,19,30292,15,,,30299,34,,,,
616,30289,12,30288,15,,,30295,12,30296,15,,
617,30287,2,30286,43,,,30292,22,30293,23,,
618,30286,2,30285,35,,,30291,13,30292,24,,
619,30288,38,,,,,30295,38,,,,
620,30292,32,,,,,30298,20,30299,15,,
621,30293,21,30292,22,,,30299,43,,,,
622,30293,19,30292,16,,,30299,19,30300,16,,
623,30292,6,30291,16,,,30298,13,30299,16,,
624,30290,44,,,,,30296,16,30297,28,,
625,30288,19,30287,24,,,30293,2,30294,41,,
626,30283,13,30282,21,,,30288,1,30289,33,,
627,30281,39,,,,,30287,15,30288,24,,
628,30284,37,,,,,30291,37,,,,
629,30285,15,30284,25,,,30290,2,30291,38,,
630,30279,32,,,,,30285,12,30286,20,,
631,30281,37,,,,,30287,17,30288,20,,
632,30284,16,30283,24,,,30290,16,30291,24,,
633,30280,39,,,,,30286,13,30287,26,,
634,30285,1,30283,2,30282,38,30288,2,30289,38,,
635,30283,40,,,,,30289,10,30290,30,,
636,30284,18,30283,28,,,30290,46,,,,
637,30281,14,30280,21,,,30287,35,,,,
638,30286,19,30285,17,,,30292,19,30293,17,,
639,30289,35,,,,,30295,20,30296,15,,
640,30291,47,,,,,30297,19,30298,28,,
641,30292,36,,,,,30298,21,30299,15,,
642,30292,2,30291,33,,,30297,2,30298,33,,
643,30290,2,30289,38,,,30295,15,30296,25,,
644,30289,18,30288,18,,,30294,2,30295,34,,
645,30288,2,30287,41,,,30293,2,30294,41,,
646,30285,15,30284,18,,,30291,33,,,,
647,30282,12,30281,23,,,30287,1,30288,34,,
648,30279,17,30278,19,,,30284,1,30285,35,,
649,30277,17,30276,24,,,30283,41,,,,
650,30278,1,30277,47,,,30283,21,30284,27,,
651,30278,1,30277,32,,,30283,1,30284,32,,
652,30280,1,30279,37,,,30285,14,30286,24,,
653,30283,20,30282,20,,,30289,40,,,,
654,30282,12,30281,20,,,30288,32,,,,
655,30279,13,30278,22,,,30285,13,30286,22,,
656,30278,19,30277,29,,,30284,19,30285,29,,
657,30277,43,,,,,30280,6,30283,14,30284,29
658,30275,11,30274,24,,,30281,35,,,,
659,30272,22,30271,20,,,30278,42,,,,
660,30278,1,30277,36,,,30283,13,30284,24,,
661,30277,2,30276,32,,,30282,2,30283,32,,
662,30276,1,30275,44,,,30281,17,30282,28,,
663,30274,38,,,,,30280,13,30281,25,,
664,30280,2,30278,2,30277,41,30283,2,30284,41,,
665,30278,1,30277,35,,,30283,11,30284,25,,
666,30276,41,,,,,30282,20,30283,21,,
667,30274,17,30273,15,,,30279,1,30280,31,,
668,30274,1,30273,30,,,30276,7,30279,15,30280,16
669,30274,37,,,,,30280,11,30281,26,,
670,30276,15,30275,30,,,30281,2,30282,43,,
671,30277,1,30276,36,,,30282,1,30283,36,,
672,30277,45,,,,,30283,17,30284,28,,
673,30279,41,,,,,30285,13,30286,28,,
674,30279,13,30278,21,,,30284,1,30285,33,,
675,30279,14,30278,24,,,30285,38,,,,
676,30276,20,30275,18,,,30281,1,30282,37,,
677,30276,2,30275,34,,,30281,2,30282,34,,
678,30279,12,30278,22,,,30284,2,30285,32,,
679,30281,41,,,,,30287,14,30288,27,,
680,30284,40,,,,,30290,20,30291,20,,
681,30286,18,30285,23,,,30291,1,30292,40,,
682,30285,1,30284,46,,,30290,19,30291,28,,
683,30285,20,30284,22,,,30291,20,30292,22,,
684,30285,11,30284,18,,,30290,1,30291,28,,
685,30274,20,30273,17,,,30280,20,30281,17,,
686,30273,38,,,,,30274,5,30280,38,,
687,30276,18,30275,25,,,30281,2,30282,41,,
688,30277,13,30276,21,,,30279,1,30282,1,30283,33
689,30275,18,30274,19,,,30281,37,,,,
690,30269,1,30268,33,,,30274,1,30275,33,,
691,30265,1,30264,39,,,30270,17,30271,23,,
692,30265,2,30263,1,30262,42,30268,16,30269,27,,
693,30264,1,30263,31,,,30269,16,30270,16,,
694,30265,37,,,,,30271,14,30272,23,,
695,30264,1,30263,47,,,30269,19,30270,29,,
696,30260,2,30259,39,,,30265,22,30266,19,,
697,30257,19,30256,27,,,30262,2,30263,44,,
698,30256,1,30255,30,,,30261,12,30262,19,,
699,30254,18,30253,25,,,30259,2,30260,41,,
700,30253,2,30252,44,,,30258,20,30259,26,,
701,30256,35,,,,,30262,18,30263,17,,
702,30257,2,30256,40,,,30262,17,30263,25,,
703,30259,18,30258,25,,,30265,43,,,,
704,30259,41,,,,,30265,20,30266,21,,
705,30257,41,,,,,30263,12,30264,29,,
706,30255,18,30254,17,,,30260,1,30261,34,,
707,30260,28,,,,,30266,11,30267,17,,
708,30261,2,30260,31,,,30266,2,30267,31,,
709,30260,17,30259,22,,,30262,5,30266,39,,
710,30268,5,30264,2,30263,38,30269,22,30270,18,,
711,30264,5,30261,28,,,30267,10,30268,18,,
712,30267,39,,,,,30273,15,30274,24,,
713,30268,2,30267,47,,,30273,21,30274,28,,
714,30271,2,30270,31,,,30276,16,30277,17,,
715,30269,14,30268,23,,,30275,37,,,,
716,30267,1,30265,20,30264,22,30270,2,30271,40,,
717,30264,1,30263,34,,,30269,14,30270,21,,
718,30264,12,30263,19,,,30270,31,,,,
719,30268,18,30267,18,,,30270,2,30273,2,30274,34
720,30268,44,,,,,30274,17,30275,27,,
721,30269,21,30268,17,,,30274,2,30275,36,,
722,30269,13,30268,26,,,30275,39,,,,
723,30268,14,30267,24,,,30273,1,30274,37,,
724,30266,19,30265,17,,,30272,36,,,,
725,30266,2,30265,39,,,30268,1,30271,2,30272,39
726,30269,7,30268,30,,,30275,41,,,,
727,30271,36,,,,,30277,11,30278,25,,
728,30269,2,30268,37,,,30271,2,30274,22,30275,17
729,30267,1,30266,37,,,30272,16,30273,22,,
730,30267,41,,,,,30270,8,30274,41,,
731,30267,18,30266,19,,,30272,1,30273,36,,
732,30265,1,30264,34,,,30270,17,30271,18,,
733,30268,2,30267,33,,,30273,2,30274,33,,
734,30265,45,,,,,30271,20,30272,25,,
735,30269,1,30268,41,,,30274,19,30275,23,,
736,30268,37,,,,,30274,19,30275,18,,
737,30267,13,30266,26,,,30273,39,,,,
738,30267,30,,,,,30273,14,30274,16,,
739,30272,7,30269,42,,,30275,13,30276,29,,
740,30267,13,30266,24,,,30272,2,30273,35,,
741,30268,1,30267,34,,,30273,16,30274,19,,
742,30265,1,30264,26,,,30270,12,30271,15,,
743,30262,1,30261,37,,,30267,1,30268,37,,
744,30260,7,30258,12,30257,25,30263,2,30264,35,,
745,30261,2,30260,27,,,30266,13,30267,16,,
746,30259,31,,,,,30265,13,30266,18,,
747,30263,1,30262,40,,,30268,12,30269,29,,
748,30261,2,30260,42,,,30266,2,30267,42,,
749,30259,1,30258,44,,,30264,1,30265,44,,
750,30259,21,30258,30,,,30264,1,30265,50,,
751,30258,16,30257,25,,,30263,2,30264,39,,
752,30254,1,30253,36,,,30259,1,30260,36,,
753,30250,1,30249,31,,,30255,17,30256,15,,
754,30253,17,30252,25,,,30259,42,,,,
755,30252,16,30251,16,,,30257,1,30258,31,,
756,30252,15,30251,19,,,30257,2,30258,32,,
757,30247,17,30246,27,,,30249,2,30253,44,,
758,30245,15,30244,25,,,30250,2,30251,38,,
759,30246,13,30245,20,,,30251,2,30252,31,,
760,30251,5,30246,16,30245,15,30252,31,,,,
761,30246,10,30245,19,,,30252,29,,,,
762,30243,12,30242,17,,,30245,7,30249,29,,
763,30245,1,30244,40,,,30250,1,30251,40,,
764,30242,50,,,,,30248,20,30249,30,,
765,30242,19,30241,25,,,30248,44,,,,
766,30243,38,,,,,30249,15,30250,23,,
767,30241,44,,,,,30244,7,30247,20,30248,24
768,30241,14,30240,24,,,30243,3,30247,38,,
769,30246,6,30241,22,30240,27,30247,22,30248,27,,
770,30241,20,30240,26,,,30247,46,,,,
771,30239,30,,,,,30245,11,30246,19,,
772,30242,12,30241,30,,,30248,42,,,,
773,30247,16,30246,20,,,30252,1,30253,35,,
774,30248,2,30247,30,,,30253,2,30254,30,,
775,30251,1,30250,46,,,30256,1,30257,46,,
776,30253,41,,,,,30259,11,30260,30,,
777,30256,1,30255,43,,,30261,19,30262,25,,
778,30255,42,,,,,30261,17,30262,25,,
779,30254,2,30253,25,,,30259,12,30260,15,,
780,30252,39,,,,,30258,14,30259,25,,
781,30253,1,30250,34,,,30256,16,30257,18,,
782,30252,15,30251,26,,,30258,41,,,,
783,30252,12,30251,21,,,30258,33,,,,
784,30250,14,30249,18,,,30256,32,,,,
785,30251,16,30250,21,,,30256,2,30257,35,,
786,30252,37,,,,,30258,14,30259,23,,
787,30251,1,30250,36,,,30256,1,30257,36,,
788,30252,7,30250,12,30249,23,30256,35,,,,
789,30250,20,30249,26,,,30255,1,30256,45,,
790,30250,16,30249,16,,,30255,1,30256,31,,
791,30251,41,,,,,30257,18,30258,23,,
792,30256,2,30255,41,,,30261,22,30262,21,,
793,30257,13,30256,26,,,30262,1,30263,38,,
794,30262,2,30257,32,,,30263,15,30264,17,,
795,30255,2,30254,39,,,30260,16,30261,25,,
796,30254,2,30253,39,,,30259,17,30260,24,,
797,30261,8,30259,17,30258,26,30265,43,,,,
798,30257,44,,,,,30263,17,30264,27,,
799,30265,1,30263,21,30262,18,30268,1,30269,38,,
800,30267,39,,,,,30273,22,30274,17,,
801,30265,1,30264,43,,,30270,20,30271,24,,
802,30266,19,30265,22,,,30272,41,,,,
803,30270,1,30269,42,,,30275,15,30276,28,,
804,30270,13,30269,27,,,30275,2,30276,38,,
805,30270,1,30269,36,,,30275,1,30276,36,,
806,30271,19,30270,22,,,30276,1,30277,40,,
807,30270,2,30269,45,,,30275,19,30276,28,,
808,30269,17,30268,16,,,30274,2,30275,31,,
809,30269,18,30268,16,,,30274,1,30275,33,,
810,30268,1,30267,43,,,30273,1,30274,43,,
811,30265,2,30264,33,,,30270,13,30271,22,,
812,30269,1,30268,42,,,30274,1,30275,42,,
813,30268,2,30267,37,,,30273,12,30274,27,,
814,30271,13,30270,16,,,30276,1,30277,28,,
815,30271,20,30270,15,,,30277,35,,,,
816,30269,38,,,,,30272,1,30275,19,30276,19
817,30271,2,30270,44,,,30276,19,30277,27,,
818,30270,12,30269,28,,,30272,5,30276,40,,
819,30269,36,,,,,30275,16,30276,20,,
820,30267,12,30266,23,,,30272,1,30273,34,,
821,30265,16,30264,26,,,30271,42,,,,
822,30263,36,,,,,30269,10,30270,26,,
823,30263,18,30262,26,,,30268,2,30269,42,,
824,30263,1,30262,41,,,30268,14,30269,28,,
825,30267,1,30266,34,,,30272,1,30273,34,,
826,30264,20,30263,18,,,30270,38,,,,
827,30265,1,30264,41,,,30270,21,30271,21,,
828,30265,13,30264,23,,,30271,13,30272,23,,
829,30266,1,30265,45,,,30271,17,30272,29,,
830,30266,2,30265,44,,,30271,17,30272,29,,
831,30262,18,30261,30,,,30268,48,,,,
832,30261,14,30260,20,,,30267,14,30268,20,,
833,30266,20,30265,25,,,30271,1,30272,44,,
834,30269,13,30268,30,,,30274,1,30275,42,,
835,30268,28,,,,,30274,13,30275,15,,
836,30262,20,30261,24,,,30268,44,,,,
837,30262,11,30261,23,,,30268,34,,,,
838,30263,28,,,,,30269,11,30270,17,,
839,30261,14,30260,17,,,30266,1,30267,30,,
840,30267,34,,,,,30273,12,30274,22,,
841,30273,13,30272,30,,,30279,13,30280,30,,
842,30274,2,30273,35,,,30279,16,30280,21,,
843,30276,12,30275,25,,,30282,37,,,,
844,30273,38,,,,,30279,21,30280,17,,
845,30277,21,30276,27,,,30282,1,30283,47,,
846,30278,14,30277,23,,,30284,37,,,,
847,30284,3,30281,30,,,30287,15,30288,15,,
848,30284,18,30283,18,,,30290,36,,,,
849,30281,42,,,,,30288,42,,,,
850,30279,20,30278,16,,,30284,1,30285,35,,
851,30276,11,30275,15,,,30281,1,30282,25,,
852,30274,11,30273,27,,,30280,38,,,,
853,30274,2,30273,30,,,30279,13,30280,19,,
854,30275,11,30274,17,,,30280,1,30281,27,,
855,30275,40,,,,,30281,20,30282,20,,
856,30272,39,,,,,30278,12,30279,27,,
857,30273,12,30272,23,,,30279,35,,,,
858,30271,2,30270,43,,,30276,18,30277,27,,
859,30271,1,30270,29,,,30276,12,30277,18,,
860,30270,15,30269,19,,,30276,34,,,,
861,30270,2,30268,2,30267,40,30273,14,30274,28,,
862,30266,36,,,,,30272,16,30273,20,,
863,30267,18,30266,19,,,30272,2,30273,35,,
864,30265,41,,,,,30271,16,30272,25,,
865,30267,15,30266,22,,,30273,15,30274,22,,
866,30269,16,30268,24,,,30275,40,,,,
867,30270,36,,,,,30277,36,,,,
868,30277,13,30276,28,,,30283,41,,,,
869,30276,19,30275,24,,,30282,43,,,,
870,30280,1,30279,43,,,30285,15,30286,29,,
871,30278,37,,,,,30281,6,30284,19,30285,18
872,30276,36,,,,,30283,36,,,,
873,30275,16,30274,25,,,30280,2,30281,39,,
874,30276,1,30275,36,,,30281,11,30282,26,,
875,30274,19,30273,17,,,30279,1,30280,35,,
876,30273,2,30272,39,,,30278,14,30279,27,,
877,30273,14,30272,26,,,30279,14,30280,26,,
878,30271,17,30270,25,,,30276,2,30277,40,,
879,30271,16,30270,28,,,30276,2,30277,42,,
880,30273,2,30272,41,,,30278,20,30279,23,,
881,30277,13,30276,23,,,30282,1,30283,35,,
882,30281,45,,,,,30287,19,30288,26,,
883,30283,1,30282,28,,,30288,11,30289,18,,
884,30279,1,30278,43,,,30284,1,30285,43,,
885,30278,19,30277,29,,,30284,48,,,,
886,30276,43,,,,,30282,16,30283,27,,
887,30277,12,30276,29,,,30282,2,30283,39,,
888,30278,2,30277,41,,,30283,17,30284,26,,
889,30278,1,30277,42,,,30283,1,30284,42,,
890,30278,18,30277,22,,,30283,2,30284,38,,
891,30276,17,30275,23,,,30282,40,,,,
892,30277,19,30276,21,,,30282,2,30283,38,,
893,30276,36,,,,,30282,14,30283,30,,
894,30278,17,30277,26,,,30283,1,30284,42,,
895,30279,2,30278,41,,,30284,17,30285,26,,
896,30280,19,30279,25,,,30285,2,30286,42,,
897,30283,19,30282,23,,,30288,2,30289,40,,
898,30279,47,,,,,30285,18,30286,29,,
899,30279,2,30278,38,,,30284,18,30285,22,,
900,30276,34,,,,,30282,19,30283,15,,
901,30274,1,30273,41,,,30279,1,30280,41,,
902,30280,2,30279,35,,,30285,21,30286,16,,
903,30280,39,,,,,30287,39,,,,
904,30277,35,,,,,30283,20,30284,15,,
905,30278,14,30277,26,,,30283,1,30284,39,,
906,30279,21,30278,20,,,30284,2,30285,39,,
907,30276,15,30275,21,,,30282,36,,,,
908,30276,11,30275,30,,,30282,41,,,,
909,30275,10,30274,16,,,30281,26,,,,
910,30272,2,30271,48,,,30277,22,30278,28,,
911,30270,5,30267,50,,,30274,50,,,,
912,30267,1,30266,42,,,30272,1,30273,42,,
913,30268,15,30267,30,,,30274,45,,,,
914,30269,19,30268,20,,,30274,2,30275,37,,
915,30269,11,30268,18,,,30275,11,30276,18,,
916,30269,46,,,,,30275,19,30276,27,,
917,30267,32,,,,,30273,15,30274,17,,
918,30268,1,30267,30,,,30273,14,30274,17,,
919,30267,1,30266,40,,,30272,1,30273,40,,
920,30263,12,30262,18,,,30269,30,,,,
921,30266,38,,,,,30272,13,30273,28,,
922,30267,35,,,,,30273,10,30274,25,,
923,30267,1,30266,43,,,30272,1,30273,43,,
924,30263,10,30262,20,,,30269,30,,,,
925,30266,2,30265,46,,,30271,21,30272,27,,
926,30265,34,,,,,30271,13,30272,21,,
927,30269,13,30268,26,,,30275,39,,,,
928,30275,4,30271,1,30270,37,30276,11,30277,27,,
929,30268,12,30267,20,,,30274,32,,,,
930,30267,12,30266,20,,,30273,32,,,,
931,30265,2,30264,36,,,30270,13,30271,25,,
932,30262,13,30261,26,,,30268,39,,,,
933,30265,12,30264,16,,,30271,28,,,,
934,30263,37,,,,,30269,18,30270,19,,
935,30263,1,30262,34,,,30268,1,30269,34,,
936,30261,35,,,,,30267,17,30268,18,,
937,30265,17,30264,26,,,30271,43,,,,
938,30267,1,30266,37,,,30272,1,30273,37,,
939,30268,14,30267,30,,,30274,44,,,,
940,30267,11,30266,19,,,30273,30,,,,
941,30265,1,30264,37,,,30270,16,30271,22,,
942,30262,36,,,,,30268,11,30269,25,,
943,30264,19,30263,30,,,30269,2,30270,47,,
944,30263,13,30262,21,,,30265,4,30268,1,30269,33
945,30257,38,,,,,30263,18,30264,20,,
946,30252,33,,,,,30259,33,,,,
947,30254,16,30253,26,,,30259,1,30260,41,,
948,30255,1,30254,39,,,30260,1,30261,39,,
949,30254,2,30253,39,,,30259,20,30260,21,,
950,30252,1,30251,43,,,30257,1,30258,43,,
951,30249,2,30248,31,,,30254,2,30255,31,,
952,30247,16,30246,26,,,30253,42,,,,
953,30248,14,30247,30,,,30254,44,,,,
954,30251,2,30250,40,,,30253,5,30256,13,30257,29
955,30248,20,30247,27,,,30254,47,,,,
956,30250,1,30247,44,,,30254,44,,,,
957,30245,2,30244,38,,,30250,13,30251,27,,
958,30245,21,30244,30,,,30250,1,30251,50,,
959,30242,2,30241,45,,,30247,19,30248,28,,
960,30240,1,30239,43,,,30245,1,30246,43,,
961,30240,21,30239,22,,,30245,1,30246,42,,
962,30243,1,30242,33,,,30248,11,30249,23,,
963,30242,34,,,,,30248,12,30249,22,,
964,30243,2,30242,30,,,30248,12,30249,20,,
965,30245,7,30243,18,30242,24,30248,2,30249,40,,
966,30245,19,30244,29,,,30250,1,30251,47,,
967,30243,38,,,,,30249,12,30250,26,,
968,30239,20,30238,25,,,30245,20,30246,25,,
969,30239,1,30238,27,,,30244,1,30245,27,,
970,30240,14,30239,22,,,30245,1,30246,35,,
971,30237,16,30236,20,,,30243,36,,,,
972,30236,11,30235,17,,,30242,28,,,,
973,30240,28,,,,,30247,28,,,,
974,30243,17,30242,24,,,30249,41,,,,
975,30241,18,30240,20,,,30247,38,,,,
976,30243,2,30242,40,,,30248,12,30249,30,,
977,30242,19,30241,18,,,30247,2,30248,35,,
978,30245,2,30244,39,,,30250,2,30251,39,,
979,30239,30,,,,,30245,14,30246,16,,
980,30243,2,30242,41,,,30248,18,30249,25,,
981,30245,31,,,,,30251,13,30252,18,,
982,30243,32,,,,,30249,16,30250,16,,
983,30244,36,,,,,30250,13,30251,23,,
984,30245,1,30244,42,,,30250,17,30251,26,,
985,30244,12,30243,25,,,30249,2,30250,35,,
986,30241,46,,,,,30244,3,30247,20,30248,26
987,30239,18,30238,26,,,30244,1,30245,43,,
988,30241,21,30240,26,,,30246,2,30247,45,,
989,30241,18,30240,22,,,30246,1,30247,39,,
990,30246,15,30245,29,,,30251,1,30252,43,,
991,30245,39,,,,,30251,16,30252,23,,
992,30250,5,30245,40,,,30251,18,30252,22,,
993,30244,33,,,,,30250,14,30251,19,,
994,30241,21,30240,28,,,30247,49,,,,
995,30240,13,30239,23,,,30246,36,,,,
996,30237,34,,,,,30240,5,30244,34,,
997,30232,41,,,,,30238,12,30239,29,,
998,30233,1,30232,38,,,30238,15,30239,24,,
999,30230,14,30229,25,,,30236,14,30237,25,,
1000,30228,1,30227,41,,,30233,14,30234,28,,
1001,30226,21,30225,19,,,30231,2,30232,38,,
1002,30228,15,30227,30,,,30234,45,,,,
1003,30229,2,30228,47,,,30234,19,30235,30,,
1004,30226,10,30225,16,,,30232,10,30233,16,,
1005,30225,42,,,,,30231,12,30232,30,,
1006,30226,2,30225,37,,,30231,22,30232,17,,
1007,30223,39,,,,,30229,16,30230,23,,
1008,30222,39,,,,,30228,10,30229,29,,
1009,30220,18,30219,17,,,30226,35,,,,
1010,30216,2,30215,41,,,30221,18,30222,25,,
1011,30212,12,30211,28,,,30218,40,,,,
1012,30212,34,,,,,30215,7,30218,13,30219,21
1013,30210,13,30209,17,,,30216,13,30217,17,,
1014,30212,2,30211,45,,,30217,21,30218,26,,
1015,30212,1,30211,30,,,30217,16,30218,15,,
1016,30208,11,30207,27,,,30214,11,30215,27,,
1017,30204,1,30203,37,,,30209,15,30210,23,,
1018,30203,1,30202,40,,,30208,17,30209,24,,
1019,30203,37,,,,,30209,20,30210,17,,
1020,30202,1,30201,30,,,30207,14,30208,17,,
1021,30202,12,30201,20,,,30208,39,,,,
1022,30208,12,30207,25,,,30214,37,,,,
1023,30204,19,30203,20,,,30209,2,30210,37,,
1024,30207,14,30206,15,,,30213,29,,,,
1025,30209,17,30208,21,,,30215,38,,,,
1026,30210,1,30209,40,,,30215,13,30216,28,,
1027,30213,2,30212,28,,,30218,13,30219,17,,
1028,30209,1,30208,40,,,30214,1,30215,40,,
1029,30208,11,30207,23,,,30214,34,,,,
1030,30211,1,30210,45,,,30216,20,30217,26,,
1031,30211,6,30209,19,30208,28,30214,1,30215,46,,
1032,30205,31,,,,,30211,11,30212,20,,
1033,30211,45,,,,,30217,16,30218,29,,
1034,30212,1,30211,45,,,30217,1,30218,45,,
1035,30212,2,30211,35,,,30217,16,30218,21,,
1036,30217,45,,,,,30223,20,30224,25,,
1037,30217,35,,,,,30223,19,30224,16,,
1038,30215,13,30214,27,,,30220,1,30221,39,,
1039,30217,1,30216,32,,,30222,17,30223,16,,
1040,30225,4,30222,7,30220,17,30226,41,,,,
1041,30219,1,30218,42,,,30224,1,30225,42,,
1042,30218,43,,,,,30225,43,,,,
1043,30219,32,,,,,30225,17,30226,23,,
1044,30220,36,,,,,30226,16,30227,20,,
1045,30223,18,30222,25,,,30228,2,30229,41,,
1046,30225,18,30224,15,,,30231,33,,,,
1047,30225,13,30224,15,,,30231,28,,,,
1048,30223,2,30222,32,,,30228,2,30229,32,,
1049,30222,11,30221,15,,,30228,26,,,,
1050,30221,20,30220,30,,,30226,2,30227,48,,
1051,30216,37,,,,,30222,12,30223,25,,
1052,30212,13,30211,21,,,30218,34,,,,
1053,30207,12,30206,29,,,30213,12,30214,29,,
1054,30200,14,30199,28,,,30202,2,30205,2,30206,40
1055,30199,1,30198,39,,,30204,13,30205,27,,
1056,30199,39,,,,,30205,13,30206,26,,
1057,30203,13,30202,18,,,30209,31,,,,
1058,30198,35,,,,,30204,20,30205,15,,
1059,30197,1,30196,31,,,30202,1,30203,31,,
1060,30196,18,30195,30,,,30201,2,30202,46,,
1061,30196,12,30195,30,,,30201,1,30202,41,,
1062,30196,43,,,,,30202,15,30203,28,,
1063,30197,19,30196,26,,,30202,1,30203,44,,
1064,30194,17,30193,24,,,30200,41,,,,
1065,30191,17,30190,21,,,30196,1,30197,37,,
1066,30193,34,,,,,30200,34,,,,
1067,30199,22,30198,16,,,30204,2,30205,36,,
1068,30200,1,30199,32,,,30205,14,30206,19,,
1069,30201,2,30200,30,,,30206,14,30207,18,,
1070,30200,1,30199,28,,,30205,1,30206,28,,
1071,30202,41,,,,,30209,41,,,,
1072,30205,18,30204,29,,,30210,2,30211,45,,
1073,30207,18,30206,30,,,30213,18,30214,30,,
1074,30206,40,,,,,30212,16,30213,24,,
1075,30210,2,30209,38,,,30215,15,30216,25,,
1076,30207,2,30206,30,,,30212,17,30213,15,,
1077,30204,27,,,,,30210,10,30211,17,,
1078,30205,37,,,,,30211,13,30212,24,,
1079,30204,14,30203,30,,,30210,44,,,,
1080,30205,16,30204,29,,,30210,2,30211,43,,
1081,30202,44,,,,,30209,44,,,,
1082,30204,4,30202,1,30201,39,30207,1,30208,39,,
1083,30204,37,,,,,30210,11,30211,26,,
1084,30206,14,30205,15,,,30212,29,,,,
1085,30207,1,30206,39,,,30212,1,30213,39,,
1086,30204,40,,,,,30210,12,30211,28,,
1087,30208,20,30207,19,,,30213,2,30214,37,,
1088,30210,29,,,,,30216,13,30217,16,,
1089,30207,39,,,,,30213,19,30214,20,,
1090,30206,48,,,,,30212,19,30213,29,,
1091,30209,1,30208,39,,,30214,18,30215,22,,
1092,30204,1,30203,33,,,30209,13,30210,21,,
1093,30204,14,30203,26,,,30209,2,30210,38,,
1094,30205,19,30204,22,,,30210,1,30211,40,,
1095,30211,42,,,,,30214,1,30217,14,30218,28
1096,30215,21,30214,16,,,30221,21,30222,16,,
1097,30220,1,30219,29,,,30225,11,30226,19,,
1098,30224,10,30223,20,,,30230,30,,,,
1099,30224,15,30223,24,,,30226,7,30230,39,,
1100,30229,7,30225,1,30224,41,30230,20,30231,22,,
1101,30225,2,30224,45,,,30230,20,30231,27,,
1102,30223,19,30222,22,,,30228,2,30229,39,,
1103,30224,37,,,,,30230,19,30231,18,,
1104,30226,2,30225,28,,,30231,15,30232,15,,
1105,30226,2,30225,45,,,30231,2,30232,45,,
1106,30225,14,30224,19,,,30230,2,30231,31,,
1107,30225,42,,,,,30231,17,30232,25,,
1108,30224,2,30223,39,,,30229,12,30230,29,,
1109,30225,1,30224,39,,,30230,21,30231,19,,
1110,30226,1,30225,42,,,30231,14,30232,29,,
1111,30227,5,30225,1,30224,32,30230,13,30231,20,,
1112,30227,11,30226,15,,,30232,1,30233,25,,
1113,30228,1,30227,38,,,30233,11,30234,28,,
1114,30228,42,,,,,30234,20,30235,22,,
1115,30225,20,30224,27,,,30231,20,30232,27,,
1116,30229,10,30228,22,,,30235,32,,,,
1117,30237,12,30236,16,,,30242,2,30243,26,,
1118,30234,2,30233,37,,,30239,2,30240,37,,
1119,30232,16,30231,21,,,30237,2,30238,35,,
1120,30230,2,30229,41,,,30235,19,30236,24,,
1121,30227,14,30226,17,,,30232,1,30233,30,,
1122,30224,11,30223,30,,,30229,1,30230,40,,
1123,30220,2,30219,31,,,30225,2,30226,31,,
1124,30219,33,,,,,30222,5,30225,14,30226,19
1125,30220,21,30219,20,,,30222,2,30226,41,,
1126,30216,10,30215,16,,,30222,26,,,,
1127,30217,16,30216,25,,,30222,1,30223,40,,
1128,30213,2,30212,32,,,30218,13,30219,21,,
1129,30213,11,30212,15,,,30219,11,30220,15,,
1130,30213,31,,,,,30219,15,30220,16,,
1131,30213,36,,,,,30220,36,,,,
1132,30215,10,30214,27,,,30221,10,30222,27,,
1133,30213,1,30212,36,,,30218,1,30219,36,,
1134,30215,15,30214,22,,,30221,15,30222,22,,
1135,30220,41,,,,,30226,14,30227,27,,
1136,30220,17,30219,23,,,30226,17,30227,23,,
1137,30218,17,30217,27,,,30223,2,30224,42,,
1138,30220,1,30219,33,,,30225,14,30226,20,,
1139,30216,13,30215,16,,,30222,29,,,,
1140,30211,1,30210,40,,,30216,19,30217,22,,
1141,30214,12,30213,22,,,30220,34,,,,
1142,30211,19,30210,22,,,30217,41,,,,
1143,30209,15,30208,26,,,30214,2,30215,39,,
1144,30212,32,,,,,30219,32,,,,
1145,30214,1,30213,35,,,30219,18,30220,18,,
1146,30209,12,30208,23,,,30215,35,,,,
1147,30214,1,30213,37,,,30219,1,30220,37,,
1148,30216,36,,,,,30219,7,30222,18,30223,18
1149,30213,1,30212,43,,,30218,18,30219,26,,
1150,30217,1,30216,38,,,30219,3,30222,17,30223,22
1151,30215,35,,,,,30221,14,30222,24,,
1152,30211,1,30210,46,,,30216,1,30217,46,,
1153,30210,13,30209,19,,,30216,32,,,,
1154,30213,1,30212,39,,,30218,1,30219,39,,
1155,30207,12,30206,22,,,30212,2,30213,32,,
1156,30204,1,30203,33,,,30209,1,30210,33,,
1157,30203,34,,,,,30206,2,30209,16,30210,18
1158,30200,36,,,,,30206,18,30207,18,,
1159,30203,21,30202,26,,,30208,2,30209,45,,
1160,30206,1,30203,47,,,30209,17,30210,30,,
1161,30206,16,30205,17,,,30212,33,,,,
1162,30207,1,30205,18,30204,16,30211,34,,,,
1163,30209,17,30208,29,,,30215,46,,,,
1164,30209,12,30208,25,,,30214,1,30215,36,,
1165,30210,2,30209,36,,,30215,21,30216,17,,
1166,30213,2,30212,39,,,30218,17,30219,24,,
1167,30212,42,,,,,30219,42,,,,
1168,30211,16,30210,29,,,30216,2,30217,43,,
1169,30208,12,30207,18,,,30214,30,,,,
1170,30206,2,30205,35,,,30211,2,30212,35,,
1171,30203,2,30202,32,,,30208,13,30209,21,,
1172,30202,38,,,,,30208,20,30209,18,,
1173,30206,35,,,,,30209,2,30212,17,30213,18
1174,30211,1,30210,46,,,30216,21,30217,26,,
1175,30209,20,30208,24,,,30214,2,30215,42,,
1176,30211,2,30210,42,,,30216,17,30217,27,,
1177,30213,36,,,,,30219,18,30220,18,,
1178,30217,1,30216,30,,,30222,15,30223,16,,
1179,30215,2,30214,46,,,30220,18,30221,30,,
1180,30217,1,30216,39,,,30222,12,30223,28,,
1181,30213,18,30212,16,,,30219,34,,,,
1182,30211,19,30210,16,,,30216,1,30217,34,,
1183,30212,33,,,,,30218,12,30219,21,,
1184,30210,15,30209,30,,,30216,45,,,,
1185,30207,2,30206,36,,,30212,21,30213,17,,
1186,30203,36,,,,,30209,12,30210,24,,
1187,30196,42,,,,,30202,13,30203,29,,
1188,30194,13,30193,22,,,30200,35,,,,
1189,30192,45,,,,,30198,16,30199,29,,
1190,30192,15,30191,19,,,30198,34,,,,
1191,30192,39,,,,,30198,17,30199,22,,
1192,30191,2,30190,37,,,30196,19,30197,20,,
1193,30185,17,30184,17,,,30191,34,,,,
1194,30186,20,30185,29,,,30192,49,,,,
1195,30194,1,30193,43,,,30199,18,30200,26,,
1196,30196,38,,,,,30202,14,30203,24,,
1197,30195,1,30194,34,,,30200,20,30201,15,,
1198,30195,1,30194,33,,,30197,5,30200,15,30201,19
1199,30198,6,30196,1,30195,43,30201,1,30202,43,,
1200,30195,1,30194,40,,,30200,15,30201,26,,
1201,30201,3,30199,16,30198,25,30205,41,,,,
1202,30200,21,30199,26,,,30205,1,30206,46,,
1203,30202,22,30201,17,,,30207,2,30208,37,,
1204,30196,10,30195,26,,,30202,36,,,,
1205,30195,1,30194,41,,,30200,12,30201,30,,
1206,30199,15,30198,18,,,30204,1,30205,32,,
1207,30202,14,30201,21,,,30208,14,30209,21,,
1208,30200,38,,,,,30206,17,30207,21,,
1209,30201,38,,,,,30207,17,30208,21,,
1210,30200,15,30199,27,,,30206,42,,,,
1211,30204,1,30203,30,,,30209,14,30210,17,,
1212,30203,44,,,,,30209,18,30210,26,,
1213,30202,10,30201,24,,,30207,2,30208,37,,
1214,30200,21,30199,23,,,30202,6,30206,44,,
1215,30200,1,30199,30,,,30205,12,30206,19,,
1216,30195,39,,,,,30201,10,30202,29,,
1217,30196,2,30195,37,,,30201,20,30202,19,,
1218,30195,10,30194,17,,,30201,27,,,,
1219,30195,2,30194,27,,,30200,13,30201,16,,
1220,30193,1,30192,39,,,30198,13,30199,27,,
1221,30195,44,,,,,30201,14,30202,30,,
1222,30194,1,30193,38,,,30199,1,30200,38,,
1223,30195,32,,,,,30201,10,30202,22,,
1224,30193,43,,,,,30199,14,30200,29,,
1225,30193,37,,,,,30199,14,30200,23,,
1226,30189,28,,,,,30195,13,30196,15,,
1227,30187,13,30186,20,,,30192,2,30193,31,,
1228,30184,26,,,,,30190,10,30191,16,,
1229,30186,31,,,,,30192,11,30193,20,,
1230,30186,1,30185,31,,,30188,7,30191,15,30192,17
1231,30187,15,30186,25,,,30192,2,30193,38,,
1232,30186,1,30185,39,,,30191,19,30192,21,,
1233,30188,14,30187,24,,,30194,38,,,,
1234,30184,2,30183,36,,,30189,22,30190,16,,
1235,30182,42,,,,,30188,15,30189,27,,
1236,30183,10,30182,21,,,30189,10,30190,21,,
1237,30183,2,30182,33,,,30188,2,30189,33,,
1238,30187,17,30186,22,,,30193,17,30194,22,,
1239,30186,1,30185,46,,,30191,1,30192,46,,
1240,30191,2,30190,37,,,30196,15,30197,24,,
1241,30192,13,30191,17,,,30198,30,,,,
1242,30191,31,,,,,30197,16,30198,15,,
1243,30189,34,,,,,30196,34,,,,
1244,30191,36,,,,,30197,21,30198,23,,
1245,30192,19,30191,28,,,30197,2,30198,45,,
1246,30195,39,,,,,30201,18,30202,21,,
1247,30194,2,30193,42,,,30199,17,30200,27,,
1248,30190,48,,,,,30196,18,30197,30,,
1249,30190,32,,,,,30196,15,30197,17,,
1250,30191,14,30190,28,,,30196,2,30197,40,,
1251,30191,2,30190,36,,,30196,18,30197,20,,
1252,30192,16,30191,22,,,30197,2,30198,36,,
1253,30194,45,,,,,30201,45,,,,
1254,30199,12,30198,21,,,30205,12,30206,21,,
1255,30201,19,30200,18,,,30206,1,30207,36,,
1256,30199,1,30198,31,,,30204,13,30205,19,,
1257,30200,15,30199,27,,,30206,15,30207,27,,
1258,30201,14,30200,30,,,30207,44,,,,
1259,30203,20,30202,19,,,30208,2,30209,37,,
1260,30200,19,30199,26,,,30202,7,30205,1,30206,44
1261,30203,43,,,,,30209,19,30210,24,,
1262,30203,14,30202,24,,,30208,2,30209,36,,
1263,30205,18,30204,25,,,30210,2,30211,41,,
1264,30201,1,30200,36,,,30206,15,30207,22,,
1265,30200,44,,,,,30206,21,30207,23,,
1266,30200,44,,,,,30206,16,30207,28,,
1267,30199,47,,,,,30205,19,30206,28,,
1268,30202,12,30201,28,,,30208,40,,,,
1269,30201,12,30200,27,,,30206,1,30207,38,,
1270,30203,2,30202,42,,,30208,14,30209,30,,
1271,30200,2,30199,48,,,30205,20,30206,30,,
1272,30202,1,30201,47,,,30207,21,30208,27,,
1273,30202,12,30201,15,,,30208,27,,,,
1274,30207,16,30206,19,,,30213,35,,,,
1275,30208,16,30207,16,,,30210,1,30213,2,30214,30
1276,30207,2,30206,41,,,30212,19,30213,24,,
1277,30204,18,30203,18,,,30209,1,30210,35,,
1278,30209,29,,,,,30215,13,30216,16,,
1279,30213,12,30212,20,,,30218,1,30219,31,,
1280,30216,1,30215,45,,,30221,20,30222,26,,
1281,30215,1,30214,36,,,30220,18,30221,19,,
1282,30217,37,,,,,30223,18,30224,19,,
1283,30223,33,,,,,30230,33,,,,
1284,30230,1,30229,34,,,30235,18,30236,17,,
1285,30232,45,,,,,30238,15,30239,30,,
1286,30236,20,30235,22,,,30241,2,30242,40,,
1287,30238,18,30237,17,,,30240,6,30243,1,30244,34
1288,30241,13,30240,29,,,30247,42,,,,
1289,30245,13,30244,21,,,30250,2,30251,32,,
1290,30243,14,30242,18,,,30249,32,,,,
1291,30245,1,30244,45,,,30250,16,30251,30,,
1292,30242,19,30241,29,,,30247,2,30248,46,,
1293,30246,1,30245,29,,,30251,11,30252,19,,
1294,30242,15,30241,17,,,30247,1,30248,31,,
1295,30240,12,30239,30,,,30245,2,30246,40,,
1296,30239,17,30238,22,,,30245,39,,,,
1297,30236,40,,,,,30242,10,30243,30,,
1298,30234,2,30233,42,,,30239,21,30240,23,,
1299,30232,2,30231,43,,,30237,2,30238,43,,
1300,30234,20,30233,21,,,30240,41,,,,
1301,30237,15,30236,27,,,30243,42,,,,
1302,30239,18,30238,18,,,30244,1,30245,35,,
1303,30240,2,30239,44,,,30245,20,30246,26,,
1304,30238,1,30237,40,,,30243,18,30244,23,,
1305,30240,2,30239,43,,,30245,22,30246,23,,
1306,30244,1,30243,27,,,30249,12,30250,16,,
1307,30244,2,30243,43,,,30246,3,30249,16,30250,29
1308,30243,33,,,,,30249,10,30250,23,,
1309,30242,32,,,,,30248,12,30249,20,,
1310,30243,14,30242,17,,,30249,31,,,,
1311,30243,43,,,,,30249,20,30250,23,,
1312,30244,2,30243,37,,,30249,2,30250,37,,
1313,30242,30,,,,,30248,13,30249,17,,
1314,30244,2,30243,42,,,30249,15,30250,29,,
1315,30245,14,30244,21,,,30250,2,30251,33,,
1316,30243,38,,,,,30249,18,30250,20,,
1317,30249,1,30248,46,,,30254,18,30255,29,,
1318,30247,1,30246,34,,,30252,1,30253,34,,
1319,30250,13,30249,28,,,30256,41,,,,
1320,30252,15,30251,20,,,30258,35,,,,
1321,30255,12,30254,30,,,30261,42,,,,
1322,30251,2,30250,29,,,30256,2,30257,29,,
1323,30250,18,30249,30,,,30255,2,30256,46,,
1324,30248,15,30247,18,,,30250,2,30254,33,,
1325,30251,2,30250,39,,,30256,12,30257,29,,
1326,30253,19,30252,20,,,30259,39,,,,
1327,30256,20,30255,17,,,30261,1,30262,36,,
1328,30258,1,30257,47,,,30263,20,30264,28,,
1329,30259,39,,,,,30265,18,30266,21,,
1330,30262,12,30261,25,,,30268,37,,,,
1331,30265,15,30264,18,,,30270,1,30271,32,,
1332,30263,16,30262,26,,,30268,2,30269,40,,
1333,30264,4,30262,20,30261,29,30267,1,30268,48,,
1334,30261,39,,,,,30267,13,30268,26,,
1335,30263,22,30262,22,,,30268,2,30269,42,,
1336,30260,19,30259,18,,,30266,19,30267,18,,
1337,30262,28,,,,,30268,10,30269,18,,
1338,30263,18,30262,30,,,30268,1,30269,47,,
1339,30265,15,30264,18,,,30271,15,30272,18,,
1340,30265,2,30264,44,,,30270,19,30271,27,,
1341,30268,1,30267,43,,,30273,19,30274,25,,
1342,30265,1,30264,33,,,30270,19,30271,15,,
1343,30268,2,30267,46,,,30273,2,30274,46,,
1344,30269,1,30266,31,,,30272,15,30273,16,,
1345,30262,38,,,,,30268,19,30269,19,,
1346,30263,10,30262,17,,,30269,27,,,,
1347,30261,14,30260,18,,,30266,1,30267,31,,
1348,30258,41,,,,,30264,19,30265,22,,
1349,30262,11,30261,18,,,30267,1,30268,28,,
1350,30264,11,30263,15,,,30270,26,,,,
1351,30263,22,30262,26,,,30269,48,,,,
1352,30264,4,30262,1,30261,29,30267,1,30268,29,,
1353,30259,39,,,,,30265,11,30266,28,,
1354,30263,2,30262,42,,,30268,21,30269,23,,
1355,30263,42,,,,,30269,16,30270,26,,
1356,30264,1,30263,27,,,30269,12,30270,16,,
1357,30262,15,30261,30,,,30268,45,,,,
1358,30261,13,30260,24,,,30266,2,30267,35,,
1359,30265,45,,,,,30271,20,30272,25,,
1360,30266,17,30265,16,,,30272,33,,,,
1361,30264,39,,,,,30270,19,30271,20,,
1362,30264,17,30263,26,,,30269,2,30270,41,,
1363,30263,1,30262,40,,,30268,19,30269,22,,
1364,30260,2,30259,33,,,30265,2,30266,33,,
1365,30258,17,30257,23,,,30263,2,30264,38,,
1366,30259,2,30258,47,,,30264,20,30265,29,,
1367,30261,20,30260,25,,,30266,1,30267,44,,
1368,30258,39,,,,,30264,16,30265,23,,
1369,30257,42,,,,,30260,5,30264,42,,
1370,30260,2,30259,39,,,30265,21,30266,20,,
1371,30258,44,,,,,30264,21,30265,23,,
1372,30261,1,30260,46,,,30266,1,30267,46,,
1373,30261,21,30260,24,,,30267,45,,,,
1374,30258,19,30257,20,,,30263,2,30264,37,,
1375,30262,13,30261,26,,,30268,39,,,,
1376,30265,42,,,,,30271,16,30272,26,,
1377,30261,1,30260,35,,,30266,19,30267,17,,
1378,30262,1,30261,40,,,30267,1,30268,40,,
1379,30263,2,30262,32,,,30268,17,30269,17,,
1380,30262,14,30261,15,,,30267,1,30268,28,,
1381,30255,11,30254,20,,,30260,1,30261,30,,
1382,30254,2,30253,40,,,30259,18,30260,24,,
1383,30254,30,,,,,30260,10,30261,20,,
1384,30254,42,,,,,30260,20,30261,22,,
1385,30257,1,30256,39,,,30262,16,30263,24,,
1386,30257,17,30256,25,,,30262,1,30263,41,,
1387,30255,12,30254,27,,,30260,1,30261,38,,
1388,30255,33,,,,,30261,18,30262,15,,
1389,30256,5,30254,18,30253,15,30260,33,,,,
1390,30256,3,30254,1,30253,41,30259,19,30260,23,,
1391,30251,2,30250,26,,,30256,13,30257,15,,
1392,30254,1,30252,21,30251,27,30258,48,,,,
1393,30250,1,30249,36,,,30255,1,30256,36,,
1394,30250,1,30249,31,,,30252,3,30255,15,30256,17
1395,30250,2,30249,38,,,30255,22,30256,18,,
1396,30247,32,,,,,30253,10,30254,22,,
1397,30256,29,,,,,30259,4,30262,11,30263,18
1398,30252,2,30251,31,,,30257,13,30258,20,,
1399,30256,3,30254,22,30253,27,30259,2,30260,47,,
1400,30247,1,30246,40,,,30252,1,30253,40,,
1401,30248,38,,,,,30254,10,30255,28,,
1402,30249,21,30248,28,,,30255,49,,,,
1403,30250,18,30249,21,,,30255,1,30256,38,,
1404,30253,5,30250,29,,,30256,10,30257,19,,
1405,30251,1,30250,41,,,30256,15,30257,27,,
1406,30252,19,30251,22,,,30257,1,30258,40,,
1407,30251,1,30250,40,,,30256,1,30257,40,,
1408,30251,14,30250,15,,,30256,2,30257,27,,
1409,30252,14,30251,19,,,30257,1,30258,32,,
1410,30251,14,30250,26,,,30256,2,30257,38,,
1411,30250,14,30249,26,,,30255,1,30256,39,,
1412,30252,6,30250,18,30249,23,30256,41,,,,
1413,30250,42,,,,,30256,15,30257,27,,
1414,30249,1,30248,35,,,30254,12,30255,24,,
1415,30249,16,30248,17,,,30255,16,30256,17,,
1416,30254,2,30253,33,,,30259,17,30260,18,,
1417,30255,2,30254,42,,,30260,17,30261,27,,
1418,30256,1,30255,31,,,30258,4,30261,16,30262,16
1419,30257,2,30256,39,,,30262,2,30263,39,,
1420,30256,42,,,,,30262,19,30263,23,,
1421,30257,36,,,,,30263,14,30264,22,,
1422,30261,15,30260,23,,,30266,1,30267,37,,
1423,30257,48,,,,,30263,21,30264,27,,
1424,30257,39,,,,,30263,20,30264,19,,
1425,30258,18,30257,26,,,30264,44,,,,
1426,30259,21,30258,23,,,30265,21,30266,23,,
1427,30260,16,30259,27,,,30265,1,30266,42,,
1428,30260,42,,,,,30266,13,30267,29,,
1429,30258,15,30257,22,,,30264,37,,,,
1430,30260,16,30259,23,,,30266,39,,,,
1431,30263,1,30261,15,30260,22,30267,15,30268,22,,
1432,30261,41,,,,,30267,17,30268,24,,
1433,30263,12,30262,29,,,30265,5,30269,41,,
1434,30267,1,30266,38,,,30272,1,30273,38,,
1435,30269,1,30268,33,,,30274,14,30275,20,,
1436,30269,22,30268,23,,,30271,6,30275,22,30276,23
1437,30265,2,30264,43,,,30270,20,30271,25,,
1438,30268,15,30267,15,,,30274,30,,,,
1439,30269,2,30268,30,,,30274,13,30275,19,,
1440,30269,2,30268,35,,,30274,15,30275,22,,
1441,30264,30,,,,,30270,12,30271,18,,
1442,30262,31,,,,,30268,16,30269,15,,
1443,30261,17,30260,22,,,30267,39,,,,
1444,30261,36,,,,,30268,36,,,,
1445,30265,2,30264,46,,,30270,2,30271,46,,
1446,30262,35,,,,,30268,11,30269,24,,
1447,30262,1,30261,42,,,30267,1,30268,42,,
1448,30263,1,30262,44,,,30268,1,30269,44,,
1449,30264,11,30263,27,,,30270,11,30271,27,,
1450,30267,8,30264,36,,,30271,36,,,,
1451,30259,1,30258,39,,,30264,14,30265,26,,
1452,30261,2,30260,31,,,30266,2,30267,31,,
1453,30262,20,30261,28,,,30264,2,30268,48,,
1454,30261,17,30260,17,,,30267,34,,,,
1455,30261,19,30260,20,,,30267,19,30268,20,,
1456,30259,12,30258,19,,,30264,2,30265,29,,
1457,30256,34,,,,,30263,34,,,,
1458,30257,32,,,,,30263,11,30264,21,,
1459,30260,20,30259,28,,,30262,4,30265,1,30266,47
1460,30261,30,,,,,30268,30,,,,
1461,30266,14,30265,28,,,30272,42,,,,
1462,30268,2,30267,50,,,30273,22,30274,30,,
1463,30267,2,30266,28,,,30272,15,30273,15,,
1464,30268,1,30267,34,,,30273,14,30274,21,,
1465,30272,2,30271,31,,,30277,17,30278,16,,
1466,30270,18,30269,29,,,30272,2,30275,2,30276,45
1467,30273,1,30272,44,,,30278,18,30279,27,,
1468,30272,17,30271,16,,,30278,33,,,,
1469,30271,18,30270,26,,,30276,2,30277,42,,
1470,30270,2,30269,36,,,30275,17,30276,21,,
1471,30271,10,30270,30,,,30277,40,,,,
1472,30270,17,30269,23,,,30276,40,,,,
1473,30274,15,30273,20,,,30279,2,30280,33,,
1474,30274,42,,,,,30280,12,30281,30,,
1475,30273,17,30272,29,,,30279,46,,,,
1476,30275,13,30274,21,,,30280,1,30281,33,,
1477,30274,42,,,,,30280,19,30281,23,,
1478,30276,4,30273,16,30272,15,30279,16,30280,15,,
1479,30271,39,,,,,30277,16,30278,23,,
1480,30271,15,30270,22,,,30277,37,,,,
1481,30274,36,,,,,30280,18,30281,18,,
1482,30279,1,30278,38,,,30284,11,30285,28,,
1483,30278,41,,,,,30284,16,30285,25,,
1484,30275,2,30274,32,,,30280,14,30281,20,,
1485,30274,42,,,,,30280,16,30281,26,,
1486,30276,18,30275,29,,,30282,47,,,,
1487,30281,11,30280,19,,,30287,11,30288,19,,
1488,30280,13,30279,16,,,30285,1,30286,28,,
1489,30278,17,30277,17,,,30284,17,30285,17,,
1490,30283,12,30282,17,,,30289,29,,,,
1491,30290,2,30289,47,,,30295,22,30296,27,,
1492,30289,40,,,,,30295,19,30296,21,,
1493,30290,18,30289,26,,,30295,2,30296,42,,
1494,30290,28,,,,,30296,11,30297,17,,
1495,30289,28,,,,,30296,28,,,,
1496,30291,42,,,,,30297,16,30298,26,,
1497,30293,42,,,,,30299,14,30300,28,,
1498,30297,1,30296,35,,,30302,13,30303,23,,
1499,30294,37,,,,,30300,18,30301,19,,
1500,30295,40,,,,,30301,17,30302,23,,
1501,30300,1,30299,33,,,30302,7,30305,12,30306,22
1502,30297,10,30296,16,,,30303,26,,,,
1503,30298,17,30297,19,,,30304,36,,,,
1504,30298,18,30297,27,,,30304,45,,,,
1505,30301,2,30300,33,,,30306,2,30307,33,,
1506,30300,38,,,,,30306,21,30307,17,,
1507,30298,1,30297,39,,,30303,1,30304,39,,
1508,30303,45,,,,,30309,17,30310,28,,
1509,30310,2,30309,42,,,30315,15,30316,29,,
1510,30308,1,30307,39,,,30313,17,30314,23,,
1511,30304,12,30303,15,,,30310,27,,,,
1512,30305,2,30304,42,,,30310,14,30311,30,,
1513,30302,2,30301,40,,,30304,1,30307,19,30308,23
1514,30301,1,30300,33,,,30306,16,30307,18,,
1515,30303,13,30302,28,,,30308,2,30309,39,,
1516,30300,17,30299,24,,,30306,41,,,,
1517,30295,37,,,,,30301,15,30302,22,,
1518,30292,12,30291,19,,,30298,31,,,,
1519,30297,35,,,,,30303,20,30304,15,,
1520,30301,1,30300,36,,,30306,17,30307,20,,
1521,30301,1,30299,15,30298,17,30305,32,,,,
1522,30297,15,30296,19,,,30302,1,30303,33,,
1523,30299,21,30298,16,,,30304,2,30305,35,,
1524,30297,40,,,,,30303,18,30304,22,,
1525,30298,12,30297,26,,,30300,2,30304,12,30305,26
1526,30304,12,30303,23,,,30309,1,30310,34,,
1527,30304,2,30303,28,,,30309,13,30310,17,,
1528,30305,2,30304,33,,,30310,19,30311,16,,
1529,30306,1,30305,37,,,30311,1,30312,37,,
1530,30304,15,30303,18,,,30309,2,30310,31,,
1531,30305,37,,,,,30312,37,,,,
1532,30304,1,30303,29,,,30306,6,30309,11,30310,19
1533,30303,1,30302,32,,,30308,12,30309,21,,
1534,30302,2,30301,39,,,30307,15,30308,26,,
1535,30301,1,30300,43,,,30306,1,30307,43,,
1536,30305,13,30304,25,,,30310,1,30311,37,,
1537,30306,1,30305,31,,,30311,11,30312,21,,
1538,30307,1,30306,48,,,30312,1,30313,48,,
1539,30308,41,,,,,30309,8,30315,41,,
1540,30309,1,30308,30,,,30314,1,30315,30,,
1541,30307,41,,,,,30314,41,,,,
1542,30310,19,30309,22,,,30315,2,30316,39,,
1543,30309,2,30308,39,,,30314,15,30315,26,,
1544,30310,20,30309,27,,,30312,2,30316,47,,
1545,30311,3,30308,37,,,30314,19,30315,18,,
1546,30310,19,30309,28,,,30315,1,30316,46,,
1547,30314,13,30313,27,,,30319,2,30320,38,,
1548,30312,2,30311,37,,,30317,17,30318,22,,
1549,30311,11,30310,26,,,30316,1,30317,36,,
1550,30312,15,30311,26,,,30314,4,30318,41,,
1551,30312,30,,,,,30318,13,30319,17,,
1552,30313,17,30312,22,,,30319,39,,,,
1553,30308,41,,,,,30314,17,30315,24,,
1554,30308,13,30307,21,,,30314,34,,,,
1555,30309,30,,,,,30315,10,30316,20,,
1556,30308,18,30307,26,,,30314,44,,,,
1557,30309,28,,,,,30315,10,30316,18,,
1558,30311,19,30310,25,,,30317,44,,,,
1559,30310,14,30309,26,,,30315,2,30316,38,,
1560,30301,2,30300,43,,,30306,16,30307,29,,
1561,30302,2,30301,35,,,30307,2,30308,35,,
1562,30299,22,30298,21,,,30305,43,,,,
1563,30300,31,,,,,30306,11,30307,20,,
1564,30295,17,30294,28,,,30300,1,30301,44,,
1565,30298,1,30297,26,,,30303,12,30304,15,,
1566,30297,37,,,,,30304,37,,,,
1567,30296,34,,,,,30303,34,,,,
1568,30296,1,30295,44,,,30301,20,30302,25,,
1569,30295,39,,,,,30301,20,30302,19,,
1570,30301,2,30300,40,,,30306,2,30307,40,,
1571,30300,13,30299,16,,,30306,29,,,,
1572,30297,40,,,,,30303,10,30304,30,,
1573,30297,12,30296,17,,,30303,29,,,,
1574,30296,1,30295,33,,,30301,13,30302,21,,
1575,30299,3,30297,1,30296,31,30302,15,30303,17,,
1576,30297,1,30296,34,,,30302,15,30303,20,,
1577,30295,17,30294,26,,,30301,43,,,,
1578,30293,20,30292,19,,,30298,2,30299,37,,
1579,30290,35,,,,,30296,19,30297,16,,
1580,30289,22,30288,21,,,30294,2,30295,41,,
1581,30293,1,30291,2,30290,43,30296,2,30297,43,,
1582,30291,47,,,,,30297,19,30298,28,,
1583,30293,1,30292,27,,,30298,12,30299,16,,
1584,30296,46,,,,,30302,16,30303,30,,
1585,30291,22,30290,16,,,30296,2,30297,36,,
1586,30297,19,30296,29,,,30299,2,30302,1,30303,47
1587,30299,22,30298,15,,,30304,2,30305,35,,
1588,30299,16,30298,26,,,30305,16,30306,26,,
1589,30298,15,30297,28,,,30303,1,30304,42,,
1590,30298,26,,,,,30305,26,,,,
1591,30303,13,30302,18,,,30305,2,30309,31,,
1592,30300,42,,,,,30306,14,30307,28,,
1593,30301,43,,,,,30307,13,30308,30,,
1594,30302,2,30301,46,,,30307,22,30308,26,,
1595,30307,7,30304,12,30303,30,30310,12,30311,30,,
1596,30307,17,30306,27,,,30313,44,,,,
1597,30309,22,30308,28,,,30315,22,30316,28,,
1598,30310,13,30309,23,,,30315,2,30316,34,,
1599,30309,2,30308,36,,,30314,2,30315,36,,
1600,30309,2,30308,29,,,30314,12,30315,19,,
1601,30301,11,30300,22,,,30306,1,30307,32,,
1602,30302,2,30301,38,,,30307,15,30308,25,,
1603,30300,2,30299,27,,,30305,12,30306,17,,
1604,30300,46,,,,,30306,20,30307,26,,
1605,30296,1,30295,49,,,30301,20,30302,30,,
1606,30295,2,30294,43,,,30300,2,30301,43,,
1607,30295,22,30294,28,,,30297,1,30300,2,30301,48
1608,30298,1,30297,31,,,30303,1,30304,31,,
1609,30296,36,,,,,30302,11,30303,25,,
1610,30295,20,30294,15,,,30300,2,30301,33,,
1611,30296,12,30295,16,,,30301,1,30302,27,,
1612,30299,3,30297,22,30296,29,30302,2,30303,49,,
1613,30299,2,30298,40,,,30304,20,30305,22,,
1614,30298,4,30295,31,,,30302,31,,,,
1615,30299,2,30298,36,,,30304,2,30305,36,,
1616,30296,33,,,,,30302,12,30303,21,,
1617,30294,11,30293,15,,,30300,11,30301,15,,
1618,30292,20,30291,20,,,30297,1,30298,39,,
1619,30293,40,,,,,30299,16,30300,24,,
1620,30295,21,30294,29,,,30300,1,30301,49,,
1621,30297,1,30296,34,,,30302,1,30303,34,,
1622,30294,18,30293,17,,,30299,1,30300,34,,
1623,30297,14,30296,17,,,30303,14,30304,17,,
1624,30299,13,30298,18,,,30305,31,,,,
1625,30296,36,,,,,30302,17,30303,19,,
1626,30295,14,30294,23,,,30300,1,30301,36,,
1627,30296,34,,,,,30302,10,30303,24,,
1628,30296,42,,,,,30299,7,30302,19,30303,23
1629,30294,14,30293,20,,,30300,34,,,,
1630,30294,42,,,,,30300,16,30301,26,,
1631,30290,2,30289,38,,,30295,20,30296,20,,
1632,30291,33,,,,,30297,17,30298,16,,
1633,30287,34,,,,,30290,7,30294,34,,
1634,30288,1,30287,39,,,30293,18,30294,22,,
1635,30289,13,30288,20,,,30295,33,,,,
1636,30287,40,,,,,30288,6,30293,2,30294,40
1637,30287,39,,,,,30293,15,30294,24,,
1638,30288,35,,,,,30294,16,30295,19,,
1639,30288,2,30287,38,,,30293,21,30294,19,,
1640,30288,17,30287,27,,,30294,17,30295,27,,
1641,30289,13,30288,22,,,30295,35,,,,
1642,30292,40,,,,,30298,17,30299,23,,
1643,30292,38,,,,,30298,16,30299,22,,
1644,30294,37,,,,,30300,15,30301,22,,
1645,30292,18,30291,15,,,30298,18,30299,15,,
1646,30293,17,30292,28,,,30299,45,,,,
1647,30296,15,30295,23,,,30301,2,30302,36,,
1648,30299,1,30298,34,,,30301,8,30304,17,30305,18
1649,30301,34,,,,,30307,19,30308,15,,
1650,30304,11,30303,18,,,30309,1,30310,28,,
1651,30304,39,,,,,30311,39,,,,
1652,30304,11,30303,27,,,30310,43,,,,
1653,30308,19,30307,19,,,30313,1,30314,37,,
1654,30311,3,30309,2,30308,34,30314,2,30315,34,,
1655,30307,32,,,,,30314,32,,,,
1656,30308,38,,,,,30314,13,30315,25,,
1657,30308,6,30307,26,,,30313,1,30314,38,,
1658,30305,10,30304,21,,,30311,10,30312,21,,
1659,30302,36,,,,,30308,10,30309,26,,
1660,30304,13,30303,24,,,30309,2,30310,35,,
1661,30304,33,,,,,30310,17,30311,16,,
1662,30307,17,30306,27,,,30313,17,30314,27,,
1663,30308,16,30307,16,,,30313,2,30314,30,,
1664,30313,2,30308,14,30307,24,30314,38,,,,
1665,30308,8,30306,18,30305,23,30312,41,,,,
1666,30307,1,30306,35,,,30312,1,30313,35,,
1667,30308,17,30307,18,,,30314,35,,,,
1668,30306,9,30305,16,,,30312,29,,,,
1669,30305,2,30304,40,,,30310,19,30311,23,,
1670,30305,31,,,,,30312,31,,,,
1671,30302,17,30301,28,,,30307,1,30308,44,,
1672,30307,5,30302,12,30301,25,30308,36,,,,
1673,30302,2,30301,43,,,30307,20,30308,25,,
1674,30300,33,,,,,30306,12,30307,21,,
1675,30300,38,,,,,30307,38,,,,
1676,30299,20,30298,25,,,30301,5,30304,1,30305,44
1677,30299,25,,,,,30305,10,30306,15,,
1678,30299,2,30298,46,,,30301,5,30304,2,30305,46
1679,30296,1,30295,28,,,30298,1,30301,14,30302,15
1680,30294,1,30293,50,,,30299,21,30300,30,,
1681,30291,39,,,,,30298,39,,,,
1682,30289,29,,,,,30296,29,,,,
1683,30289,2,30288,42,,,30294,22,30295,22,,
1684,30289,2,30288,42,,,30294,16,30295,28,,
1685,30289,2,30288,35,,,30294,2,30295,35,,
1686,30289,40,,,,,30295,16,30296,24,,
1687,30286,2,30285,42,,,30291,21,30292,23,,
1688,30286,39,,,,,30293,39,,,,
1689,30284,20,30283,27,,,30289,2,30290,45,,
1690,30285,13,30284,28,,,30290,1,30291,40,,
1691,30288,11,30287,30,,,30293,1,30294,40,,
1692,30285,35,,,,,30291,12,30292,23,,
1693,30290,1,30289,38,,,30295,17,30296,22,,
1694,30294,2,30293,33,,,30299,18,30300,17,,
1695,30293,1,30292,41,,,30298,1,30299,41,,
1696,30294,18,30293,17,,,30299,2,30300,33,,
1697,30292,17,30291,22,,,30297,1,30298,38,,
1698,30291,10,30290,26,,,30297,36,,,,
1699,30289,2,30288,37,,,30294,2,30295,37,,
1700,30289,43,,,,,30295,16,30296,27,,
1701,30291,12,30290,20,,,30297,32,,,,
1702,30290,2,30289,36,,,30295,22,30296,16,,
1703,30290,1,30289,31,,,30295,14,30296,18,,
1704,30291,11,30290,20,,,30297,11,30298,20,,
1705,30300,1,30295,15,30294,26,30301,39,,,,
1706,30290,1,30289,32,,,30295,18,30296,15,,
1707,30288,15,30287,30,,,30293,2,30294,43,,
1708,30284,20,30283,29,,,30290,49,,,,
1709,30282,48,,,,,30283,4,30288,1,30289,48
1710,30283,1,30282,32,,,30288,1,30289,32,,
1711,30285,40,,,,,30291,19,30292,21,,
1712,30285,2,30284,27,,,30290,14,30291,15,,
1713,30284,14,30283,15,,,30289,1,30290,28,,
1714,30282,19,30281,19,,,30288,38,,,,
1715,30280,19,30279,27,,,30286,46,,,,
1716,30276,1,30275,42,,,30281,1,30282,42,,
1717,30276,20,30275,29,,,30282,49,,,,
1718,30276,17,30275,30,,,30282,47,,,,
1719,30274,14,30273,29,,,30276,4,30279,2,30280,41
1720,30275,16,30274,24,,,30281,40,,,,
1721,30272,14,30271,30,,,30277,1,30278,43,,
1722,30274,2,30273,30,,,30279,13,30280,19,,
1723,30274,40,,,,,30281,40,,,,
1724,30276,21,30275,27,,,30281,1,30282,47,,
1725,30275,18,30274,15,,,30280,1,30281,32,,
1726,30277,19,30276,22,,,30282,2,30283,39,,
1727,30273,1,30272,48,,,30278,1,30279,48,,
1728,30273,20,30272,21,,,30278,1,30279,40,,
1729,30269,38,,,,,30276,38,,,,
1730,30271,13,30270,16,,,30273,8,30276,1,30277,28
1731,30268,15,30267,30,,,30274,45,,,,
1732,30268,2,30267,36,,,30273,2,30274,36,,
1733,30266,37,,,,,30272,16,30273,21,,
1734,30263,13,30262,22,,,30268,2,30269,33,,
1735,30262,2,30261,46,,,30267,21,30268,27,,
1736,30259,14,30258,18,,,30265,14,30266,18,,
1737,30257,19,30256,17,,,30263,36,,,,
1738,30257,17,30256,30,,,30262,1,30263,46,,
1739,30256,17,30255,17,,,30262,34,,,,
1740,30257,42,,,,,30263,15,30264,27,,
1741,30257,10,30256,20,,,30263,30,,,,
1742,30265,2,30264,42,,,30270,2,30271,42,,
1743,30262,6,30261,16,,,30268,30,,,,
1744,30260,19,30259,15,,,30266,34,,,,
1745,30262,1,30261,41,,,30264,2,30267,12,30268,30
1746,30262,4,30259,41,,,30265,20,30266,21,,
1747,30262,18,30261,30,,,30267,2,30268,46,,
1748,30260,17,30259,25,,,30265,1,30266,41,,
1749,30261,31,,,,,30267,11,30268,20,,
1750,30262,21,30261,15,,,30267,2,30268,34,,
1751,30264,2,30263,38,,,30269,13,30270,27,,
1752,30261,30,,,,,30267,14,30268,16,,
1753,30261,21,30260,28,,,30266,1,30267,48,,
1754,30266,2,30265,34,,,30271,2,30272,34,,
1755,30262,40,,,,,30268,18,30269,22,,
1756,30262,3,30261,28,,,30268,38,,,,
1757,30265,31,,,,,30271,11,30272,20,,
1758,30267,16,30266,16,,,30273,32,,,,
1759,30265,14,30264,30,,,30271,14,30272,30,,
1760,30265,14,30264,27,,,30270,2,30271,39,,
1761,30263,44,,,,,30270,44,,,,
1762,30261,14,30260,25,,,30267,14,30268,25,,
1763,30258,12,30257,28,,,30263,1,30264,39,,
1764,30259,12,30258,21,,,30265,12,30266,21,,
1765,30257,38,,,,,30263,18,30264,20,,
1766,30257,11,30256,28,,,30263,39,,,,
1767,30258,1,30257,34,,,30263,20,30264,15,,
1768,30257,22,30256,29,,,30262,2,30263,49,,
1769,30256,19,30255,22,,,30262,41,,,,
1770,30253,21,30252,26,,,30259,21,30260,26,,
1771,30250,11,30249,25,,,30256,36,,,,
1772,30252,3,30250,19,30249,26,30255,2,30256,43,,
1773,30251,1,30250,40,,,30256,16,30257,25,,
1774,30249,6,30246,30,,,30253,30,,,,
1775,30245,45,,,,,30251,20,30252,25,,
1776,30243,18,30242,22,,,30248,1,30249,39,,
1777,30243,45,,,,,30249,15,30250,30,,
1778,30243,20,30242,15,,,30248,1,30249,34,,
1779,30242,2,30241,39,,,30247,2,30248,39,,
1780,30243,1,30242,36,,,30248,1,30249,36,,
1781,30244,2,30243,44,,,30246,3,30249,18,30250,28
1782,30244,15,30243,20,,,30250,15,30251,20,,
1783,30238,37,,,,,30244,12,30245,25,,
1784,30241,20,30240,24,,,30247,44,,,,
1785,30243,10,30242,27,,,30249,37,,,,
1786,30244,14,30243,21,,,30249,1,30250,34,,
1787,30246,2,30245,41,,,30248,5,30251,16,30252,27
1788,30247,20,30246,18,,,30253,38,,,,
1789,30244,39,,,,,30251,39,,,,
1790,30248,43,,,,,30254,19,30255,24,,
1791,30250,15,30249,17,,,30255,2,30256,30,,
1792,30254,16,30253,28,,,30260,44,,,,
1793,30251,1,30250,37,,,30256,1,30257,37,,
1794,30251,12,30250,28,,,30257,12,30258,28,,
1795,30254,14,30253,20,,,30260,34,,,,
1796,30256,18,30255,21,,,30258,4,30261,1,30262,38
1797,30257,1,30256,34,,,30262,12,30263,23,,
1798,30260,13,30259,26,,,30266,39,,,,
1799,30256,18,30255,24,,,30261,2,30262,40,,
1800,30254,15,30253,28,,,30259,1,30260,42,,
1801,30255,12,30254,18,,,30261,30,,,,
1802,30252,10,30251,26,,,30258,36,,,,
1803,30250,10,30249,29,,,30256,39,,,,
1804,30250,19,30249,18,,,30256,37,,,,
1805,30254,8,30252,1,30251,36,30257,16,30258,21,,
1806,30253,17,30252,24,,,30259,41,,,,
1807,30248,14,30247,23,,,30253,1,30254,36,,
1808,30248,13,30247,26,,,30253,1,30254,38,,
1809,30249,12,30248,22,,,30254,2,30255,32,,
1810,30252,11,30251,23,,,30258,34,,,,
1811,30251,13,30250,17,,,30257,30,,,,
1812,30251,2,30250,34,,,30256,17,30257,19,,
1813,30246,2,30245,45,,,30251,2,30252,45,,
1814,30245,17,30244,21,,,30251,38,,,,
1815,30242,46,,,,,30248,17,30249,29,,
1816,30242,34,,,,,30248,10,30249,24,,
1817,30244,33,,,,,30251,33,,,,
1818,30246,31,,,,,30252,16,30253,15,,
1819,30245,2,30244,26,,,30250,2,30251,26,,
1820,30245,40,,,,,30252,40,,,,
1821,30243,13,30242,30,,,30248,2,30249,41,,
1822,30241,34,,,,,30248,34,,,,
1823,30245,17,30244,29,,,30251,46,,,,
1824,30242,12,30241,30,,,30248,42,,,,
1825,30241,17,30240,26,,,30247,43,,,,
1826,30241,31,,,,,30247,12,30248,19,,
1827,30244,31,,,,,30250,16,30251,15,,
1828,30243,20,30242,28,,,30249,48,,,,
1829,30244,2,30243,40,,,30249,18,30250,24,,
1830,30241,21,30240,24,,,30247,45,,,,
1831,30240,39,,,,,30243,8,30246,12,30247,27
1832,30240,16,30239,24,,,30245,2,30246,38,,
1833,30242,12,30241,27,,,30248,12,30249,27,,
1834,30243,19,30242,24,,,30245,5,30248,2,30249,41
1835,30245,31,,,,,30252,31,,,,
1836,30252,6,30247,48,,,30253,21,30254,27,,
1837,30250,2,30249,31,,,30255,17,30256,16,,
1838,30248,11,30247,24,,,30253,1,30254,34,,
1839,30247,11,30246,19,,,30253,30,,,,
1840,30242,19,30241,21,,,30248,19,30249,21,,
1841,30246,2,30245,46,,,30251,18,30252,30,,
1842,30245,1,30244,40,,,30250,1,30251,40,,
1843,30244,13,30243,16,,,30250,29,,,,
1844,30243,8,30240,46,,,30247,46,,,,
1845,30243,2,30242,27,,,30245,8,30248,14,30249,15
1846,30243,2,30242,35,,,30248,12,30249,25,,
1847,30239,28,,,,,30245,10,30246,18,,
1848,30243,14,30242,25,,,30248,2,30249,37,,
1849,30240,34,,,,,30246,19,30247,15,,
1850,30238,44,,,,,30244,18,30245,26,,
1851,30240,1,30239,42,,,30245,13,30246,30,,
1852,30240,25,,,,,30246,10,30247,15,,
1853,30241,18,30240,20,,,30246,1,30247,37,,
1854,30239,2,30238,30,,,30244,14,30245,18,,
1855,30238,11,30237,26,,,30244,37,,,,
1856,30236,18,30235,27,,,30242,45,,,,
1857,30243,2,30238,45,,,30244,16,30245,29,,
1858,30236,13,30235,20,,,30242,13,30243,20,,
1859,30236,38,,,,,30242,18,30243,20,,
1860,30238,17,30237,19,,,30243,1,30244,35,,
1861,30238,19,30237,29,,,30243,1,30244,47,,
1862,30236,2,30235,47,,,30241,20,30242,29,,
1863,30240,10,30239,19,,,30246,29,,,,
1864,30244,6,30242,19,30241,24,30248,43,,,,
1865,30239,19,30238,26,,,30245,45,,,,
1866,30242,16,30241,26,,,30248,42,,,,
1867,30246,14,30245,27,,,30251,2,30252,39,,
1868,30248,45,,,,,30254,15,30255,30,,
1869,30248,2,30247,30,,,30253,2,30254,30,,
1870,30249,1,30248,37,,,30254,12,30255,26,,
1871,30249,22,30248,20,,,30251,4,30255,22,30256,20
1872,30246,12,30245,30,,,30252,42,,,,
1873,30248,22,30247,15,,,30253,2,30254,35,,
1874,30247,22,30246,19,,,30252,2,30253,39,,
1875,30248,40,,,,,30254,11,30255,29,,
1876,30247,22,30246,26,,,30252,2,30253,46,,
1877,30251,5,30249,19,30248,27,30255,46,,,,
1878,30251,1,30250,38,,,30256,1,30257,38,,
1879,30248,22,30247,30,,,30253,2,30254,50,,
1880,30246,33,,,,,30252,15,30253,18,,
1881,30245,2,30244,33,,,30250,14,30251,21,,
1882,30240,47,,,,,30246,18,30247,29,,
1883,30237,20,30236,28,,,30243,48,,,,
1884,30241,1,30240,32,,,30246,1,30247,32,,
1885,30238,11,30237,20,,,30243,1,30244,30,,
1886,30235,1,30234,32,,,30240,13,30241,20,,
1887,30237,16,30236,18,,,30242,1,30243,33,,
1888,30237,1,30236,40,,,30242,14,30243,27,,
1889,30239,46,,,,,30245,18,30246,28,,
1890,30236,34,,,,,30242,10,30243,24,,
1891,30236,10,30235,28,,,30242,38,,,,
1892,30239,6,30237,2,30236,32,30242,17,30243,17,,
1893,30236,2,30235,31,,,30241,2,30242,31,,
1894,30231,1,30230,39,,,30236,1,30237,39,,
1895,30235,1,30234,35,,,30240,15,30241,21,,
1896,30231,2,30230,31,,,30236,2,30237,31,,
1897,30234,11,30233,24,,,30239,1,30240,34,,
1898,30233,37,,,,,30236,2,30239,12,30240,25
1899,30233,40,,,,,30240,40,,,,
1900,30234,1,30233,30,,,30239,13,30240,18,,
1901,30231,36,,,,,30234,1,30237,17,30238,19
1902,30235,6,30232,36,,,30238,15,30239,21,,
1903,30232,15,30231,19,,,30237,1,30238,33,,
1904,30230,14,30229,30,,,30236,44,,,,
1905,30230,19,30229,15,,,30235,2,30236,32,,
1906,30232,12,30231,24,,,30234,1,30237,1,30238,35
1907,30232,3,30230,1,30229,35,30235,18,30236,18,,
1908,30233,17,30232,19,,,30239,17,30240,19,,
1909,30232,39,,,,,30238,16,30239,23,,
1910,30234,14,30233,30,,,30239,1,30240,43,,
1911,30233,2,30232,38,,,30238,14,30239,26,,
1912,30234,19,30233,27,,,30236,7,30239,2,30240,44
1913,30237,2,30236,47,,,30242,21,30243,28,,
1914,30239,15,30238,18,,,30245,33,,,,
1915,30238,1,30237,39,,,30243,20,30244,20,,
1916,30236,1,30235,35,,,30241,19,30242,17,,
1917,30235,2,30234,41,,,30240,19,30241,24,,
1918,30233,34,,,,,30240,34,,,,
1919,30228,43,,,,,30234,17,30235,26,,
1920,30233,21,30232,20,,,30239,41,,,,
1921,30232,12,30231,15,,,30238,12,30239,15,,
1922,30230,37,,,,,30236,14,30237,23,,
1923,30234,6,30230,1,30229,28,30235,14,30236,15,,
1924,30232,2,30231,42,,,30237,2,30238,42,,
1925,30233,44,,,,,30240,44,,,,
1926,30233,27,,,,,30239,11,30240,16,,
1927,30234,1,30233,38,,,30239,11,30240,28,,
1928,30233,21,30232,21,,,30238,1,30239,41,,
1929,30232,14,30231,27,,,30238,41,,,,
1930,30231,2,30230,44,,,30236,17,30237,29,,
1931,30232,15,30231,27,,,30238,15,30239,27,,
1932,30235,1,30234,34,,,30240,19,30241,16,,
1933,30233,1,30232,47,,,30238,20,30239,28,,
1934,30231,19,30230,18,,,30237,19,30238,18,,
1935,30234,2,30233,36,,,30239,14,30240,24,,
1936,30238,3,30233,20,30232,28,30239,46,,,,
1937,30230,34,,,,,30236,11,30237,23,,
1938,30226,11,30225,27,,,30231,1,30232,37,,
1939,30225,42,,,,,30231,22,30232,20,,
1940,30226,12,30225,15,,,30231,2,30232,25,,
1941,30223,14,30222,28,,,30228,2,30229,40,,
1942,30220,2,30219,40,,,30225,12,30226,30,,
1943,30217,2,30216,49,,,30222,22,30223,29,,
1944,30214,19,30213,29,,,30220,48,,,,
1945,30214,2,30213,43,,,30219,15,30220,30,,
1946,30211,1,30210,27,,,30216,13,30217,15,,
1947,30212,1,30211,39,,,30214,7,30217,1,30218,39
1948,30212,2,30211,44,,,30217,20,30218,26,,
1949,30212,1,30211,43,,,30217,1,30218,43,,
1950,30211,36,,,,,30217,12,30218,24,,
1951,30211,1,30210,46,,,30216,18,30217,29,,
1952,30207,28,,,,,30213,12,30214,16,,
1953,30209,19,30208,15,,,30214,1,30215,33,,
1954,30210,18,30209,25,,,30215,1,30216,42,,
1955,30206,35,,,,,30213,35,,,,
1956,30206,2,30205,39,,,30211,2,30212,39,,
1957,30209,18,30208,29,,,30214,1,30215,46,,
1958,30210,17,30209,29,,,30216,46,,,,
1959,30211,13,30210,30,,,30217,43,,,,
1960,30208,34,,,,,30214,16,30215,18,,
1961,30212,1,30211,47,,,30217,1,30218,47,,
1962,30212,15,30211,30,,,30218,45,,,,
1963,30213,38,,,,,30219,16,30220,22,,
1964,30214,13,30213,30,,,30219,1,30220,42,,
1965,30214,33,,,,,30220,14,30221,19,,
1966,30215,16,30214,25,,,30220,2,30221,39,,
1967,30217,2,30216,43,,,30222,2,30223,43,,
1968,30218,16,30217,16,,,30224,32,,,,
1969,30221,29,,,,,30227,14,30228,15,,
1970,30218,22,30217,21,,,30223,2,30224,41,,
1971,30218,13,30217,30,,,30224,13,30225,30,,
1972,30222,42,,,,,30228,20,30229,22,,
1973,30219,13,30218,19,,,30224,1,30225,31,,
1974,30218,10,30217,17,,,30224,27,,,,
1975,30214,1,30213,31,,,30219,17,30220,15,,
1976,30212,33,,,,,30218,18,30219,15,,
1977,30210,36,,,,,30216,19,30217,17,,
1978,30208,13,30207,29,,,30214,42,,,,
1979,30207,44,,,,,30213,16,30214,28,,
1980,30209,1,30208,45,,,30214,21,30215,25,,
1981,30211,18,30210,25,,,30217,43,,,,
1982,30217,20,30216,27,,,30222,2,30223,45,,
1983,30214,1,30213,33,,,30219,17,30220,17,,
1984,30212,21,30211,23,,,30217,1,30218,43,,
1985,30216,20,30215,18,,,30218,5,30222,38,,
1986,30217,16,30216,21,,,30223,37,,,,
1987,30213,20,30212,19,,,30219,20,30220,19,,
1988,30214,13,30213,23,,,30219,2,30220,34,,
1989,30215,1,30214,35,,,30220,13,30221,23,,
1990,30219,18,30218,17,,,30225,35,,,,
1991,30221,2,30220,37,,,30226,20,30227,19,,
1992,30219,1,30218,34,,,30224,16,30225,19,,
1993,30214,40,,,,,30221,40,,,,
1994,30215,2,30214,39,,,30220,22,30221,19,,
1995,30216,1,30215,46,,,30221,18,30222,29,,
1996,30213,2,30212,37,,,30218,17,30219,22,,
1997,30210,36,,,,,30213,8,30216,19,30217,17
1998,30208,14,30207,18,,,30214,14,30215,18,,
1999,30206,35,,,,,30212,17,30213,18,,
2000,30204,21,30203,18,,,30209,2,30210,37,,
2001,30198,31,,,,,30204,15,30205,16,,
2002,30202,1,30201,45,,,30207,16,30208,30,,
2003,30200,35,,,,,30206,13,30207,22,,
2004,30198,36,,,,,30204,19,30205,17,,
2005,30194,39,,,,,30197,8,30200,21,30201,18
2006,30191,15,30190,17,,,30196,1,30197,31,,
2007,30190,44,,,,,30196,18,30197,26,,
2008,30186,36,,,,,30192,11,30193,25,,
2009,30182,20,30181,15,,,30184,3,30188,35,,
2010,30185,32,,,,,30191,12,30192,20,,
2011,30186,17,30185,28,,,30191,1,30192,44,,
2012,30185,14,30184,20,,,30191,14,30192,20,,
2013,30187,18,30186,22,,,30193,40,,,,
2014,30186,17,30185,20,,,30192,37,,,,
2015,30183,19,30182,30,,,30188,2,30189,47,,
2016,30182,21,30181,15,,,30187,2,30188,34,,
2017,30178,17,30177,18,,,30184,17,30185,18,,
2018,30180,1,30179,33,,,30185,1,30186,33,,
2019,30180,1,30179,40,,,30185,1,30186,40,,
2020,30180,21,30179,18,,,30186,39,,,,
2021,30179,1,30178,41,,,30184,1,30185,41,,
2022,30179,17,30178,22,,,30184,1,30185,38,,
2023,30182,8,30180,13,30179,20,30186,13,30187,20,,
2024,30185,2,30184,26,,,30190,12,30191,16,,
2025,30181,19,30180,26,,,30187,45,,,,
2026,30182,2,30181,35,,,30187,16,30188,21,,
2027,30187,43,,,,,30193,18,30194,25,,
2028,30187,1,30186,30,,,30192,15,30193,16,,
2029,30192,1,30191,33,,,30194,3,30197,19,30198,15
2030,30194,13,30193,21,,,30200,34,,,,
2031,30195,43,,,,,30201,20,30202,23,,
2032,30201,21,30200,27,,,30206,1,30207,47,,
2033,30204,2,30203,32,,,30209,2,30210,32,,
2034,30203,13,30202,30,,,30209,43,,,,
2035,30203,12,30202,20,,,30208,1,30209,31,,
2036,30204,16,30203,23,,,30209,2,30210,37,,
2037,30210,5,30208,16,30207,19,30214,35,,,,
2038,30203,40,,,,,30209,19,30210,21,,
2039,30203,12,30202,20,,,30209,32,,,,
2040,30202,1,30201,32,,,30207,13,30208,20,,
2041,30203,26,,,,,30210,26,,,,
2042,30204,40,,,,,30210,12,30211,28,,
2043,30202,39,,,,,30208,17,30209,22,,
2044,30205,12,30204,21,,,30211,33,,,,
2045,30207,15,30206,22,,,30213,15,30214,22,,
2046,30210,2,30209,40,,,30212,2,30215,2,30216,40
2047,30210,1,30209,46,,,30215,18,30216,29,,
2048,30209,17,30208,18,,,30214,1,30215,34,,
2049,30207,2,30206,39,,,30212,20,30213,21,,
2050,30206,2,30205,29,,,30208,4,30211,16,30212,15
2051,30207,1,30206,31,,,30212,1,30213,31,,
2052,30206,14,30205,28,,,30212,42,,,,
2053,30205,40,,,,,30211,14,30212,26,,
2054,30206,13,30205,18,,,30211,1,30212,30,,
2055,30210,4,30208,1,30207,39,30213,15,30214,25,,
2056,30209,2,30208,30,,,30214,14,30215,18,,
2057,30207,18,30206,22,,,30213,40,,,,
2058,30209,2,30208,38,,,30214,12,30215,28,,
2059,30212,16,30211,18,,,30218,34,,,,
2060,30215,10,30214,18,,,30221,28,,,,
2061,30212,33,,,,,30215,7,30219,33,,
2062,30216,16,30215,26,,,30222,42,,,,
2063,30214,14,30213,18,,,30219,2,30220,30,,
2064,30216,6,30213,28,,,30220,28,,,,
2065,30212,1,30211,35,,,30217,11,30218,25,,
2066,30211,48,,,,,30217,19,30218,29,,
2067,30212,1,30211,29,,,30217,1,30218,29,,
2068,30210,1,30209,36,,,30215,1,30216,36,,
2069,30212,46,,,,,30218,18,30219,28,,
2070,30208,12,30207,20,,,30214,32,,,,
2071,30209,2,30208,33,,,30214,14,30215,21,,
2072,30208,12,30207,23,,,30210,6,30213,2,30214,33
2073,30210,2,30209,38,,,30215,15,30216,25,,
2074,30211,1,30210,40,,,30216,1,30217,40,,
2075,30210,13,30209,16,,,30216,13,30217,16,,
2076,30213,35,,,,,30219,15,30220,20,,
2077,30211,20,30210,17,,,30216,2,30217,35,,
2078,30206,40,,,,,30212,17,30213,23,,
2079,30201,1,30200,38,,,30206,1,30207,38,,
2080,30207,2,30206,42,,,30212,2,30213,42,,
2081,30209,20,30208,21,,,30214,2,30215,39,,
2082,30209,17,30208,28,,,30214,2,30215,43,,
2083,30207,36,,,,,30213,18,30214,18,,
2084,30207,1,30206,49,,,30212,1,30213,49,,
2085,30208,17,30207,19,,,30214,36,,,,
2086,30210,44,,,,,30216,14,30217,30,,
2087,30207,2,30206,35,,,30212,12,30213,25,,
2088,30211,14,30210,16,,,30217,30,,,,
2089,30212,29,,,,,30218,13,30219,16,,
2090,30217,2,30216,27,,,30222,13,30223,16,,
2091,30217,30,,,,,30223,15,30224,15,,
2092,30220,10,30219,22,,,30226,32,,,,
2093,30217,16,30216,23,,,30222,1,30223,38,,
2094,30217,15,30216,24,,,30219,2,30223,39,,
2095,30216,19,30215,26,,,30218,4,30221,1,30222,44
2096,30216,21,30215,16,,,30221,2,30222,35,,
2097,30217,19,30216,17,,,30223,36,,,,
2098,30212,1,30211,30,,,30217,13,30218,18,,
2099,30212,5,30210,20,30209,21,30215,1,30216,40,,
2100,30208,13,30207,21,,,30214,34,,,,
2101,30210,22,30209,23,,,30215,2,30216,43,,
2102,30211,1,30210,40,,,30216,1,30217,40,,
2103,30212,1,30211,33,,,30217,12,30218,22,,
2104,30211,40,,,,,30214,1,30217,14,30218,26
2105,30216,17,30215,20,,,30221,1,30222,36,,
2106,30218,17,30217,30,,,30224,47,,,,
2107,30222,2,30221,38,,,30227,22,30228,18,,
2108,30222,11,30221,23,,,30227,1,30228,33,,
2109,30225,2,30224,25,,,30230,12,30231,15,,
2110,30225,13,30224,17,,,30230,2,30231,28,,
2111,30226,29,,,,,30232,13,30233,16,,
2112,30225,12,30224,23,,,30231,35,,,,
2113,30228,2,30227,42,,,30233,20,30234,24,,
2114,30233,2,30232,40,,,30238,22,30239,20,,
2115,30226,13,30225,27,,,30232,40,,,,
2116,30229,10,30228,16,,,30235,26,,,,
2117,30227,1,30226,35,,,30232,19,30233,17,,
2118,30225,17,30224,18,,,30231,35,,,,
2119,30231,2,30230,39,,,30236,12,30237,29,,
2120,30233,16,30232,18,,,30239,34,,,,
2121,30231,35,,,,,30237,19,30238,16,,
2122,30231,21,30230,25,,,30237,46,,,,
2123,30230,41,,,,,30236,16,30237,25,,
2124,30228,14,30227,19,,,30233,2,30234,31,,
2125,30227,28,,,,,30233,10,30234,18,,
2126,30221,17,30220,24,,,30226,2,30227,39,,
2127,30224,1,30223,39,,,30229,16,30230,24,,
2128,30225,2,30224,41,,,30230,2,30231,41,,
2129,30225,19,30224,18,,,30231,37,,,,
2130,30226,1,30225,41,,,30231,1,30232,41,,
2131,30227,1,30226,43,,,30232,21,30233,23,,
2132,30225,11,30224,28,,,30230,1,30231,38,,
2133,30224,37,,,,,30231,37,,,,
2134,30224,15,30223,22,,,30230,37,,,,
2135,30221,13,30220,15,,,30227,13,30228,15,,
2136,30222,2,30221,37,,,30227,17,30228,22,,
2137,30225,12,30224,26,,,30230,2,30231,36,,
2138,30223,14,30222,24,,,30229,38,,,,
2139,30223,16,30222,21,,,30229,37,,,,
2140,30223,16,30222,24,,,30228,1,30229,39,,
2141,30226,2,30221,41,,,30227,17,30228,24,,
2142,30219,16,30218,17,,,30225,16,30226,17,,
2143,30219,32,,,,,30225,13,30226,19,,
2144,30223,43,,,,,30229,18,30230,25,,
2145,30223,15,30222,24,,,30225,3,30229,39,,
2146,30226,40,,,,,30232,10,30233,30,,
2147,30222,34,,,,,30228,10,30229,24,,
2148,30223,8,30221,1,30220,35,30226,12,30227,24,,
2149,30219,39,,,,,30225,11,30226,28,,
2150,30221,21,30220,22,,,30226,1,30227,42,,
2151,30219,48,,,,,30225,20,30226,28,,
2152,30224,21,30223,17,,,30230,38,,,,
2153,30220,46,,,,,30226,16,30227,30,,
2154,30219,31,,,,,30225,16,30226,15,,
2155,30215,13,30214,23,,,30221,13,30222,23,,
2156,30207,32,,,,,30213,14,30214,18,,
2157,30206,22,30205,28,,,30211,2,30212,48,,
2158,30203,16,30202,18,,,30208,1,30209,33,,
2159,30204,10,30203,19,,,30210,35,,,,
2160,30206,3,30203,42,,,30209,13,30210,29,,
2161,30201,2,30200,33,,,30206,16,30207,19,,
2162,30199,12,30198,17,,,30204,2,30205,27,,
2163,30201,19,30200,16,,,30207,35,,,,
2164,30199,17,30198,16,,,30205,33,,,,
2165,30199,11,30198,15,,,30201,6,30204,1,30205,25
2166,30198,40,,,,,30205,40,,,,
2167,30196,16,30195,23,,,30201,2,30202,37,,
2168,30201,2,30200,36,,,30206,20,30207,18,,
2169,30203,2,30202,29,,,30208,13,30209,18,,
2170,30208,7,30205,39,,,30211,20,30212,19,,
2171,30207,35,,,,,30213,18,30214,17,,
2172,30210,11,30209,30,,,30216,41,,,,
2173,30209,34,,,,,30215,13,30216,21,,
2174,30216,15,30215,15,,,30222,30,,,,
2175,30225,36,,,,,30231,11,30232,25,,
2176,30222,15,30221,21,,,30227,1,30228,35,,
2177,30220,38,,,,,30226,16,30227,28,,
2178,30220,20,30219,20,,,30226,20,30227,20,,
2179,30221,2,30220,30,,,30226,17,30227,15,,
2180,30222,1,30221,34,,,30227,19,30228,16,,
2181,30224,12,30223,29,,,30230,12,30231,29,,
2182,30226,37,,,,,30232,19,30233,18,,
2183,30227,1,30226,29,,,30232,1,30233,29,,
2184,30224,15,30223,20,,,30229,2,30230,33,,
2185,30227,19,30226,18,,,30233,37,,,,
2186,30228,44,,,,,30235,44,,,,
2187,30228,2,30227,30,,,30233,14,30234,18,,
2188,30228,36,,,,,30234,10,30235,26,,
2189,30228,17,30227,28,,,30233,1,30234,44,,
2190,30229,17,30228,30,,,30234,1,30235,46,,
2191,30233,18,30232,20,,,30239,38,,,,
2192,30235,19,30234,30,,,30241,49,,,,
2193,30236,1,30235,42,,,30241,1,30242,42,,
2194,30236,39,,,,,30242,12,30243,27,,
2195,30238,1,30237,38,,,30243,16,30244,23,,
2196,30240,41,,,,,30246,19,30247,22,,
2197,30239,20,30238,29,,,30245,49,,,,
2198,30241,17,30240,23,,,30246,2,30247,38,,
2199,30239,15,30238,22,,,30244,1,30245,36,,
2200,30237,14,30236,22,,,30243,14,30244,22,,
2201,30241,1,30240,30,,,30246,11,30247,20,,
2202,30240,37,,,,,30246,14,30247,23,,
2203,30240,39,,,,,30246,10,30247,29,,
2204,30239,38,,,,,30245,20,30246,18,,
2205,30240,45,,,,,30246,17,30247,28,,
2206,30240,19,30239,19,,,30245,2,30246,36,,
2207,30238,13,30237,23,,,30243,1,30244,35,,
2208,30241,2,30240,32,,,30246,14,30247,20,,
2209,30238,21,30237,27,,,30243,1,30244,47,,
2210,30235,38,,,,,30242,38,,,,
2211,30233,17,30232,24,,,30238,1,30239,40,,
2212,30234,2,30233,33,,,30239,20,30240,15,,
2213,30237,2,30236,37,,,30239,4,30242,2,30243,37
2214,30235,39,,,,,30241,10,30242,29,,
2215,30238,42,,,,,30244,13,30245,29,,
2216,30244,2,30243,36,,,30249,18,30250,20,,
2217,30245,2,30244,36,,,30250,18,30251,20,,
2218,30246,1,30245,31,,,30251,16,30252,16,,
2219,30244,15,30243,18,,,30249,1,30250,32,,
2220,30241,17,30240,19,,,30247,36,,,,
2221,30239,43,,,,,30245,15,30246,28,,
2222,30241,3,30237,1,30236,32,30242,13,30243,20,,
2223,30233,21,30232,19,,,30239,40,,,,
2224,30236,2,30235,36,,,30238,6,30241,18,30242,20
2225,30232,14,30231,20,,,30237,1,30238,33,,
2226,30235,6,30233,1,30232,46,30238,19,30239,28,,
2227,30230,13,30229,21,,,30236,13,30237,21,,
2228,30225,46,,,,,30231,22,30232,24,,
2229,30228,15,30227,28,,,30234,43,,,,
2230,30228,42,,,,,30234,17,30235,25,,
2231,30229,14,30228,22,,,30234,1,30235,35,,
2232,30231,2,30230,41,,,30236,17,30237,26,,
2233,30231,16,30230,24,,,30237,19,30238,24,,
2234,30233,47,,,,,30239,20,30240,27,,
2235,30233,31,,,,,30239,13,30240,18,,
2236,30233,16,30232,27,,,30238,2,30239,43,,
2237,30232,39,,,,,30238,17,30239,22,,
2238,30233,4,30232,21,,,30239,31,,,,
2239,30231,16,30230,24,,,30237,40,,,,
2240,30227,41,,,,,30233,12,30234,29,,
2241,30228,2,30227,31,,,30233,18,30234,15,,
2242,30227,1,30226,27,,,30232,13,30233,15,,
2243,30225,2,30224,46,,,30230,19,30231,29,,
2244,30220,10,30219,29,,,30226,39,,,,
2245,30220,16,30219,28,,,30225,1,30226,43,,
2246,30218,1,30217,30,,,30223,15,30224,16,,
2247,30217,1,30216,32,,,30222,18,30223,15,,
2248,30216,20,30215,23,,,30222,43,,,,
2249,30215,2,30214,47,,,30220,21,30221,28,,
2250,30213,39,,,,,30219,11,30220,28,,
2251,30209,42,,,,,30215,12,30216,30,,
2252,30208,1,30207,39,,,30213,18,30214,22,,
2253,30215,10,30214,19,,,30220,2,30221,35,,
2254,30210,16,30209,27,,,30216,43,,,,
2255,30211,5,30206,22,30205,23,30212,45,,,,
2256,30203,17,30202,25,,,30208,2,30209,40,,
2257,30210,43,,,,,30216,22,30217,21,,
2258,30210,2,30209,39,,,30215,2,30216,39,,
2259,30207,1,30206,36,,,30212,20,30213,17,,
2260,30207,2,30206,44,,,30209,4,30212,17,30213,29
2261,30206,2,30205,40,,,30211,22,30212,20,,
2262,30205,18,30204,23,,,30210,2,30211,39,,
2263,30207,6,30205,21,30204,28,30211,49,,,,
2264,30202,12,30201,23,,,30207,2,30208,33,,
2265,30200,9,30199,23,,,30206,35,,,,
2266,30199,19,30198,25,,,30204,2,30205,42,,
2267,30197,2,30196,35,,,30202,14,30203,23,,
2268,30197,2,30196,31,,,30202,16,30203,17,,
2269,30199,19,30198,28,,,30205,47,,,,
2270,30199,15,30198,28,,,30205,43,,,,
2271,30201,29,,,,,30207,11,30208,18,,
2272,30196,40,,,,,30203,40,,,,
2273,30199,2,30198,29,,,30204,16,30205,15,,
2274,30197,32,,,,,30203,11,30204,21,,
2275,30199,21,30198,19,,,30201,7,30204,1,30205,39
2276,30201,36,,,,,30207,17,30208,19,,
2277,30201,6,30199,11,30198,28,30204,1,30205,38,,
2278,30206,5,30204,11,30203,19,30209,1,30210,29,,
2279,30205,47,,,,,30212,47,,,,
2280,30209,1,30208,39,,,30214,1,30215,39,,
2281,30210,30,,,,,30216,12,30217,18,,
2282,30214,19,30213,21,,,30219,2,30220,38,,
2283,30212,40,,,,,30215,3,30219,40,,
2284,30213,22,30212,25,,,30218,2,30219,45,,
2285,30209,13,30208,25,,,30214,1,30215,37,,
2286,30208,16,30207,28,,,30214,16,30215,28,,
2287,30203,15,30202,25,,,30209,40,,,,
2288,30202,40,,,,,30208,19,30209,21,,
2289,30204,12,30203,22,,,30209,2,30210,32,,
2290,30208,1,30206,2,30205,27,30211,12,30212,17,,
2291,30206,2,30205,34,,,30211,16,30212,20,,
2292,30208,19,30207,29,,,30213,2,30214,46,,
2293,30207,44,,,,,30213,15,30214,29,,
2294,30207,13,30206,25,,,30212,1,30213,37,,
2295,30208,2,30207,34,,,30213,17,30214,19,,
2296,30205,2,30204,34,,,30210,16,30211,20,,
2297,30204,11,30203,23,,,30210,11,30211,23,,
2298,30202,42,,,,,30209,42,,,,
2299,30200,2,30199,36,,,30205,17,30206,21,,
2300,30200,42,,,,,30207,42,,,,
2301,30200,2,30199,39,,,30205,21,30206,20,,
2302,30201,14,30200,17,,,30207,31,,,,
2303,30205,10,30204,29,,,30211,39,,,,
2304,30206,1,30205,39,,,30211,11,30212,29,,
2305,30203,15,30202,19,,,30209,34,,,,
2306,30202,1,30201,39,,,30207,18,30208,22,,
2307,30200,2,30199,36,,,30205,2,30206,36,,
2308,30200,2,30199,42,,,30205,20,30206,24,,
2309,30193,12,30192,16,,,30199,28,,,,
2310,30193,13,30192,30,,,30199,43,,,,
2311,30194,1,30193,46,,,30199,17,30200,30,,
2312,30190,1,30189,37,,,30195,1,30196,37,,
2313,30191,20,30190,30,,,30197,50,,,,
2314,30190,2,30189,32,,,30195,15,30196,19,,
2315,30189,43,,,,,30195,16,30196,27,,
2316,30191,40,,,,,30197,17,30198,23,,
2317,30193,33,,,,,30199,11,30200,22,,
2318,30195,1,30194,31,,,30200,17,30201,15,,
2319,30197,15,30196,16,,,30202,1,30203,30,,
2320,30199,21,30198,30,,,30204,2,30205,49,,
2321,30199,14,30198,15,,,30205,29,,,,
2322,30195,2,30194,37,,,30200,16,30201,23,,
2323,30193,1,30192,37,,,30198,1,30199,37,,
2324,30196,5,30194,13,30193,17,30199,2,30200,28,,
2325,30192,1,30191,25,,,30197,1,30198,25,,
2326,30197,1,30196,42,,,30199,3,30202,20,30203,23
2327,30200,3,30198,1,30197,29,30203,13,30204,17,,
2328,30200,8,30198,20,30197,26,30204,46,,,,
2329,30197,1,30196,35,,,30202,19,30203,17,,
2330,30196,13,30195,30,,,30201,2,30202,41,,
2331,30195,14,30194,19,,,30200,1,30201,32,,
2332,30194,40,,,,,30200,19,30201,21,,
2333,30198,1,30197,42,,,30203,1,30204,42,,
2334,30198,13,30197,28,,,30203,2,30204,39,,
2335,30201,1,30200,29,,,30206,12,30207,18,,
2336,30198,13,30197,21,,,30203,2,30204,32,,
2337,30195,31,,,,,30201,12,30202,19,,
2338,30193,4,30189,1,30188,40,30194,16,30195,25,,
2339,30188,1,30187,36,,,30190,6,30193,13,30194,24
2340,30187,18,30186,21,,,30193,39,,,,
2341,30186,17,30185,18,,,30192,35,,,,
2342,30185,36,,,,,30191,11,30192,25,,
2343,30185,47,,,,,30188,1,30191,20,30192,27
2344,30187,16,30186,28,,,30193,44,,,,
2345,30185,18,30184,24,,,30191,42,,,,
2346,30187,21,30186,29,,,30192,2,30193,48,,
2347,30190,15,30189,29,,,30196,44,,,,
2348,30192,2,30191,35,,,30197,16,30198,21,,
2349,30196,19,30195,18,,,30201,1,30202,36,,
2350,30193,39,,,,,30199,11,30200,28,,
2351,30189,31,,,,,30195,10,30196,21,,
2352,30192,2,30191,46,,,30197,18,30198,30,,
2353,30188,42,,,,,30194,18,30195,24,,
2354,30190,1,30189,30,,,30195,13,30196,18,,
2355,30190,40,,,,,30196,10,30197,30,,
2356,30189,11,30188,16,,,30195,27,,,,
2357,30187,11,30186,18,,,30193,29,,,,
2358,30187,2,30186,35,,,30192,12,30193,25,,
2359,30188,2,30187,49,,,30193,21,30194,30,,
2360,30190,12,30189,15,,,30195,2,30196,25,,
2361,30190,1,30189,47,,,30195,19,30196,29,,
2362,30189,17,30188,22,,,30195,39,,,,
2363,30189,21,30188,26,,,30194,2,30195,45,,
2364,30189,12,30188,19,,,30195,31,,,,
2365,30192,2,30191,30,,,30197,17,30198,15,,
2366,30190,2,30189,37,,,30195,18,30196,21,,
2367,30187,1,30186,36,,,30192,12,30193,25,,
2368,30187,16,30186,23,,,30193,39,,,,
2369,30189,41,,,,,30195,18,30196,23,,
2370,30194,1,30192,20,30191,23,30198,43,,,,
2371,30192,1,30191,39,,,30197,17,30198,23,,
2372,30190,11,30189,16,,,30195,1,30196,26,,
2373,30188,15,30187,25,,,30194,40,,,,
2374,30190,1,30189,42,,,30195,16,30196,27,,
2375,30193,16,30192,27,,,30199,43,,,,
2376,30193,2,30192,30,,,30198,15,30199,17,,
2377,30195,14,30194,25,,,30200,2,30201,37,,
2378,30196,2,30195,42,,,30201,16,30202,28,,
2379,30194,15,30193,27,,,30199,1,30200,41,,
2380,30194,22,30193,29,,,30199,2,30200,49,,
2381,30194,1,30193,37,,,30199,16,30200,22,,
2382,30193,20,30192,27,,,30199,20,30200,27,,
2383,30196,4,30193,27,,,30199,12,30200,15,,
2384,30190,38,,,,,30197,38,,,,
2385,30190,20,30189,25,,,30195,2,30196,43,,
2386,30190,1,30189,40,,,30192,1,30195,12,30196,29
2387,30190,40,,,,,30196,20,30197,20,,
2388,30188,14,30187,18,,,30190,1,30193,2,30194,30
2389,30190,2,30189,43,,,30195,2,30196,43,,
2390,30190,1,30189,37,,,30195,1,30196,37,,
2391,30191,15,30190,19,,,30196,2,30197,32,,
2392,30189,14,30188,29,,,30194,1,30195,42,,
2393,30191,2,30190,33,,,30196,2,30197,33,,
2394,30194,10,30193,22,,,30200,32,,,,
2395,30195,33,,,,,30202,33,,,,
2396,30195,12,30194,15,,,30200,2,30201,25,,
2397,30196,18,30195,16,,,30202,34,,,,
2398,30199,1,30197,21,30196,19,30202,1,30203,39,,
2399,30199,19,30198,25,,,30201,4,30205,19,30206,25
2400,30199,43,,,,,30206,43,,,,
2401,30202,39,,,,,30208,18,30209,23,,
2402,30199,45,,,,,30205,20,30206,25,,
2403,30199,2,30198,44,,,30204,22,30205,24,,
2404,30198,36,,,,,30204,17,30205,19,,
2405,30202,19,30201,28,,,30208,47,,,,
2406,30200,44,,,,,30206,15,30207,29,,
2407,30202,13,30201,23,,,30207,2,30208,34,,
2408,30203,15,30202,18,,,30209,15,30210,18,,
2409,30206,2,30205,38,,,30211,17,30212,23,,
2410,30210,6,30208,1,30207,41,30213,1,30214,41,,
2411,30206,14,30205,30,,,30212,44,,,,
2412,30209,2,30208,35,,,30214,15,30215,22,,
2413,30208,18,30207,24,,,30213,1,30214,41,,
2414,30210,2,30209,35,,,30215,18,30216,19,,
2415,30210,15,30209,23,,,30215,2,30216,36,,
2416,30210,11,30209,17,,,30216,28,,,,
2417,30208,2,30207,44,,,30213,19,30214,27,,
2418,30207,15,30206,15,,,30212,2,30213,28,,
2419,30210,32,,,,,30216,14,30217,18,,
2420,30211,1,30210,31,,,30216,16,30217,16,,
2421,30210,22,30209,28,,,30216,50,,,,
2422,30215,38,,,,,30221,15,30222,23,,
